1986 3292
994 234 1057 282 38

288 384 506 438 zutatem,
535 384 723 438 carent,
759 377 1038 441 pigmentis
1073 377 1287 425 barbam
1325 377 1587 436 simulant,
1615 374 1764 423 1111015

290 464 419 511 varii
470 464 653 512 coloris
697 464 760 511 ab
800 461 1004 510 extimis
1048 462 1199 510 labiis
1243 464 1307 511 ad
1350 480 1498 511 aures
1548 464 1763 526 produc·

288 548 366 597 tis.
440 547 716 596 Caesariem
748 564 904 611 quam
941 547 1247 610 plerumque
1278 547 1480 611 nigram
1512 547 1764 605 nutriunt,

288 634 339 682 111
402 636 610 693 nodum,
672 635 738 681 ad
796 632 1059 680 sinistram
1126 649 1302 680 aurem
1362 633 1765 680 circumductam

288 719 418 767 vitta
460 718 795 782 restringunt,
835 717 1009 767 addito
1048 716 1235 781 aliquo,
1274 719 1411 781 quod
1448 719 1587 782 apud
1628 717 1766 781 ipsos

287 807 339 853 in
380 805 544 869 pretio
571 805 650 866 sit,
678 804 875 853 monili.
948 804 1173 862 Quidam
1200 804 1252 852 in
1286 805 1452 852 fronte
1485 805 1768 868 praeferunt

288 892 441 955 piscis
489 892 709 956 figuram
758 907 1017 954 cupream.
1107 890 1251 938 Colla
1298 890 1543 938 muniunt
1588 888 1767 937 vitreis

287 978 512 1042 globulis
552 979 636 1026 filo
676 977 898 1037 insertis,
943 994 1084 1025 more
1127 976 1418 1041 torquium3
1471 976 1767 1040 quanquam

289 1065 342 1112 hi
389 1056 596 1129 globuliv
630 1063 839 1112 viliores
888 1065 1027 1126 apud
1073 1063 1212 1126 ipsos
1255 1080 1363 1111 esse
1405 1062 1674 1126 incipiunt,
1720 1066 1770 1109 01

289 1152 592 1200 commercio
635 1151 809 1199 111111115
853 1150 1019 1199 utiles.

374 1238 697 1298 Vestiuntur,
754 1242 812 1286 ut
874 1236 1178 1301 plurimum,
1228 1236 1363 1300 pelle
1421 1236 1629 1285 cervina
1688 1235 1768 1283 vel

289 1325 475 1373 similis
525 1323 726 1388 generis
774 1323 903 1383 velo,
943 1324 1080 1387 quod
1129 1324 1158 1371 a
1206 1328 1349 1387 tergo
1399 1322 1516 1370 fluit
1563 1321 1616 1369 in
1664 1338 1768 1369 mo-

291 1412 415 1458 dum
464 1409 624 1473 pallii.
721 1408 885 1456 Cincti
940 1410 1006 1456 ad
1059 1408 1363 1457 umbilicum
1423 1406 1767 1472 perizomatis,

290 1499 458 1543 cetera
515 1494 654 1543 nudi,
750 1494 998 1557 Impubes
1058 1493 1205 1557 pueri
1265 1494 1569 1558 puellaeque,
1627 1493 1772 1540 nulla

290 1598 345 1629 re
391 1580 511 1628 tecti
565 1584 837 1644 vagantur.
932 1579 1134 1628 Plantis
1183 1582 1375 1643 pedum
1420 1580 1563 1628 velut
1610 1596 1769 1627 cornu

291 1665 450 1726 duris,
500 1665 675 1729 spinas
729 1665 1050 1729 tribulosque
1098 1665 1296 1713 calcant
1343 1665 1510 1713 illzesi.
1605 1665 1771 1712 Arma

292 1755 426 1811 sunt,
462 1768 610 1799 arcus
653 1755 702 1799 et
744 1751 946 1815 sagittae
986 1752 1113 1799 duos
1152 1751 1350 1800 cubitos
1392 1751 1574 1815 longre,
1613 1768 1772 1799 cornu

292 1838 512 1898 cervino,
564 1838 646 1887 vel
694 1839 811 1886 albo
870 1842 1231 1902 praeacutoque
1284 1838 1426 1887 511100
1474 1843 1773 1887 armatze.—

293 1925 405 1972 Has
444 1926 588 1973 tanta
630 1929 738 1973 arte
780 1924 988 1984 librant,
1028 1929 1084 1972 ut
1124 1942 1384 1988 passerem
1428 1925 1629 1974 eminils
1670 1941 1770 1973 me-

294 2011 437 2059 dium
477 2012 749 2075 configant.
794 2015 951 2074 utque
999 2028 1051 2059 se
1094 2013 1159 2059 ad
1206 2011 1446 2075 peritiam
1489 2015 1770 2070 exerceant,

296 2098 447 2145 locam
489 2097 608 2160 (sic;
658 2097 787 2144 forte
827 2097 1010 2158 telum)
1047 2096 1098 2144 111
1143 2097 1365 2145 sublime
1406 2097 1622 2160 jaciunt,
1660 2096 1772 2143 tum

292 2183 573 2247 impulsam
634 2201 791 2232 nervo
850 2183 1093 2247 sagittam
1149 2184 1289 2245 (telo)
1346 2184 1572 2247 infigunt
1629 2187 1769 2230 ante-

296 2270 447 2333 quam
511 2269 724 2318 decidat.
829 2270 970 2316 Areu
1030 2269 1272 2332 quoniam
1331 2286 1431 2317 non
1492 2268 1771 2316 admodfim

296 2359 531 2403 contento
566 2359 798 2413 utuntur,
827 2358 1017 2401 metam
1054 2353 1204 2416 longe
1242 2354 1462 2417 positam
1494 2352 1644 2401 ferire
1671 2369 1772 2400 non

296 2446 526 2505 possunt.
583 2441 682 2489 His
720 2439 878 2488 armis
916 2439 1116 2499 vivunt,
1145 2444 1194 2487 et
1229 2438 1457 2503 quotidie
1494 2455 1586 2502 per
1623 2454 1773 2502 agros
