1986 3292
1012 220 1076 270 47

310 362 590 427 separatim
616 366 705 411 aut
741 363 770 410 a
805 363 1043 426 pluribus
1070 363 1227 412 simul
1264 364 1451 413 collata
1477 368 1630 429 atque
1667 380 1793 427 prse-

311 448 432 496 stita
456 447 790 511 intelligetur.

378 532 663 581 Consilium
720 532 949 596 primum
1010 549 1065 580 ac
1114 549 1379 581 summum
1439 533 1791 583 Illustrissilni

310 619 530 669 Baronis
568 623 658 680 est,
699 620 836 683 quod
873 618 1091 667 aliorum
1133 619 1302 680 etiam,
1340 620 1427 684 qui
1466 620 1519 668 in
1559 620 1792 670 ead01n<0>

310 707 431 756 navi
467 706 673 767 fuerint,
701 723 810 755 esse
836 707 999 767 debet,
1029 710 1087 755 ut
1121 707 1174 754 in
1208 708 1347 756 terra
1382 708 1488 756 tani
1526 707 1788 772 frugifera,

310 810 411 842 non
447 794 555 841 tam
591 793 802 857 frugum
832 796 985 856 atque
1021 792 1279 853 arborum,
1307 793 1463 856 quam
1502 791 1789 857 Religionis

308 896 365 927 ac
403 878 610 942 pietatis
649 878 845 926 semina
884 882 1211 942 spargantur.
1297 878 1582 927 Consilium
1629 878 1789 926 enim-

308 966 430 1014 vero
469 964 686 1029 (lignum
723 964 1047 1024 Christianis,
1090 963 1308 1028 dignum
1347 965 1541 1029 anqelis,
1573 963 1789 1028 dignum

308 1051 475 1115 anqlis,
503 1066 602 1114 quo
633 1048 858 1097 nobilius
885 1049 1089 1097 nullum
1124 1053 1214 1097 aut
1242 1048 1532 1113 gloriosius,
1558 1053 1635 1097 tot
1660 1047 1789 1097 anti-

308 1137 423 1201 quis
471 1136 667 1201 Anglia
710 1135 939 1184 victoriis
988 1134 1277 1195 nobilitata,
1327 1135 1567 1199 suscepit.
1661 1135 1791 1183 Ecce

310 1222 544 1286 regiones
582 1226 704 1270 sunt
742 1221 873 1269 albae
913 1222 978 1269 ad
1017 1237 1252 1281 messem,
1280 1225 1476 1284 paratae
1513 1222 1579 1269 ad
1618 1220 1790 1269 Evan-

305 1308 427 1373 gelii
462 1325 636 1357 semen
672 1307 867 1372 gremio
904 1307 1165 1355 fructifero
1201 1306 1571 1370 recipiendum.
1657 1306 1788 1355 Inde

305 1395 405 1459 ipsi
453 1395 669 1444 mittunt
710 1394 938 1458 undique
980 1392 1257 1453 111111tios,(p)
1302 1395 1367 1441 ad
1410 1394 1786 1457 conquirendos

304 1480 513 1529 idoneos
552 1480 785 1529 homines
824 1479 911 1544 qui
950 1479 1145 1528 incolas
1186 1479 1420 1528 doctrina
1458 1479 1674 1528 salutari
1711 1479 1787 1528 in-

306 1569 509 1613 struant
548 1582 604 1613 ac
643 1581 785 1613 sacro
826 1565 965 1612 fonte
1004 1567 1592 1628 regenerent—adsunt
1631 1565 1786 1613 etiam

305 1651 400 1699 hoc
436 1650 548 1714 ipso
583 1655 815 1714 tempore
840 1649 893 1697 in
932 1651 1072 1710 urbe,
1101 1649 1189 1714 qui
1227 1667 1279 1698 se
1304 1650 1496 1699 vidisse
1532 1654 1790 1699 testantur

306 1737 526 1801 Legatos
557 1737 587 1785 a
611 1736 717 1784 suis
756 1736 985 1800 Regibus
1022 1736 1154 1784 hanc
1181 1737 1243 1784 ob
1269 1753 1476 1784 causam
1503 1737 1568 1785 ad
1605 1737 1786 1785 urbem

305 1822 337 1870 J
342 1822 482 1870 acobi
509 1822 562 1885 (J
566 1824 865 1884 amestown)
891 1821 944 1869 in
970 1821 1212 1885 Virgini-a
1237 1823 1435 1883 missos,
1462 1821 1788 1886 infantesque

303 1908 357 1956 in
407 1908 612 1956 Novam
651 1907 879 1972 angliam
923 1907 1134 1967 delatos,
1177 1912 1234 1956 ut
1283 1907 1430 1972 aquis
1469 1908 1786 1957 salutaribus

305 1995 652 2043 abluerentur.
725 1994 820 2043 Cui
857 2011 976 2058 ergo
1014 1994 1231 2042 dubium
1270 2011 1379 2043 esse
1415 1994 1619 2059 poterit,
1658 1994 1784 2059 quin

305 2082 398 2130 hoc
422 2098 524 2130 uno
549 2082 657 2130 tam
681 2080 903 2145 glorioso
928 2097 1079 2144 opere
1108 2081 1274 2129 multa
1299 2081 1594 2131 animarum
1620 2081 1787 2130 millia

305 2169 371 2216 ad
397 2167 661 2216 Christum
698 2168 1077 2216 traducantur?
1113 2183 1241 2230 opus
1268 2167 1474 2231 appello
1503 2167 1786 2231 gloriosum

306 2253 599 2302 animarum
639 2253 892 2302 auxilium
931 2269 987 2300 ac
1026 2252 1276 2302 salutem:
1331 2270 1460 2316 opus
1498 2252 1635 2301 enim
1677 2258 1788 2301 erat

307 2338 499 2387 Christi
559 2338 717 2402 Regis
767 2338 1318 2397 Gloriae——Cetersnn,
1367 2339 1484 2385 011111
1543 2337 1785 2386 omnibus

307 2424 444 2473 idem
488 2426 641 2473 ardor
680 2425 841 2472 animi
881 2442 936 2471 ac
977 2423 1162 2472 mentis
1205 2424 1424 2473 altitudo
1465 2441 1565 2473 non
1605 2424 1686 2484 sit,
1729 2430 1788 2473 ut

308 2510 439 2558 nihil
476 2510 575 2558 nisi
613 2510 791 2559 divina
817 2514 1060 2574 spectent,
1089 2509 1219 2557 nihil
1258 2509 1355 2558 nisi
1393 2510 1616 2559 caelestia
1646 2510 1784 2559 intu-
