1986 3292
983 233 1049 280 46

346 378 674 440 Quapropter
734 374 1103 423 Nobilissimus
1163 375 1299 423 Baro
1346 374 1479 422 circa
1527 372 1756 422 medium

280 464 633 527 Septembrem
672 461 904 524 proxime
931 461 1299 523 insequentem,
1327 460 1378 507 in
1406 477 1463 507 ea
1497 459 1620 518 loca,
1649 458 1757 505 Deo

280 551 574 613 adjuvante,
614 548 728 594 vela
764 548 992 593 facturus
1030 553 1132 593 est:
1173 546 1350 609 iisque,
1389 562 1515 608 quos
1552 543 1664 603 sibi,
1704 543 1755 590 in

278 637 383 683 tam
428 633 676 698 praeclaro
719 631 935 695 incepto,
977 631 1136 679 soc-ios
1180 648 1236 679 ac
1280 631 1538 694 adjutores
1578 633 1757 676 nactus

279 721 446 782 fuerit,
491 718 898 768 cumulatissime
950 719 1114 766 multa
1164 735 1220 766 ac
1270 716 1560 781 largissime
1610 715 1758 779 polli-

278 813 433 856 cetur.

348 894 579 950 Quorum
606 892 659 940 id
695 891 925 955 primum
952 908 1008 939 ac
1045 890 1366 954 przecipuum
1393 894 1470 937 est
1495 892 1572 951 (ut
1608 886 1757 935 omit-

278 983 385 1026 tam
419 977 627 1026 honoris
654 994 710 1025 ac
741 976 836 1025 loci
863 976 1156 1040 dignitates,
1186 993 1300 1039 quae
1334 974 1529 1034 honori,
1558 972 1756 1033 virtuti,

278 1063 585 1123 fortitudini,
612 1064 866 1127 rebusque
892 1062 1048 1127 gestis
1082 1061 1365 1110 liberaliter
1392 1077 1447 1108 ac
1481 1058 1758 1107 honorifice

277 1151 595 1212 tribuantur)
617 1155 673 1198 ut
693 1149 985 1213 quicunque
1003 1150 1141 1211 (100)
1163 1153 1368 1196 centum
1393 1146 1577 1194 Libras
1599 1144 1758 1208 angli-

279 1253 431 1284 canas
457 1237 522 1283 ad
559 1237 784 1299 quinque
810 1234 948 1281 viros
984 1233 1412 1296 transportandos
1440 1232 1596 1295 (quod
1633 1230 1758 1278 satis

278 1322 376 1370 erit
413 1326 525 1370 t'um
569 1322 634 1369 ad
674 1337 832 1379 arma,
874 1325 984 1367 tum
1026 1320 1091 1367 ad
1134 1319 1496 1376 instrumenta,
1538 1320 1649 1364 tum
1693 1317 1758 1363 ad

277 1412 445 1455 vestes
483 1411 533 1455 et
558 1408 622 1454 ad
660 1405 787 1453 alias
824 1421 905 1452 res
943 1403 1275 1465 necessarias)
1315 1401 1622 1461 munerabit,
1651 1402 1759 1449 sive

277 1492 404 1556 ipsis
444 1492 613 1540 visum
658 1490 810 1539 fuerit
850 1507 902 1538 se
946 1489 1092 1537 nobis
1133 1490 1429 1553 adjungere,
1471 1505 1560 1536 5011
1603 1487 1757 1548 viros,

277 1578 653 1643 pecuniamque
701 1577 779 1638 iis,
828 1577 1016 1641 quibus
1074 1577 1168 1624 hoc
1217 1592 1406 1623 munus
1455 1574 1756 1638 impositum

277 1664 445 1725 fuerit,
495 1664 604 1712 sive
663 1663 812 1711 alteri
872 1662 1035 1710 cuivis
1089 1661 1406 1710 commiserit
1465 1666 1521 1708 ut
1580 1677 1757 1709 eorum

277 1768 453 1800 curam
490 1755 649 1814 gerat,
677 1754 727 1797 et
762 1749 1069 1797 divisionem
1097 1765 1340 1812 agrorum
1367 1746 1608 1811 recipiat:
1650 1746 1756 1794 suis

277 1837 531 1896 omnibus,
559 1835 702 1899 suisq
737 1835 1030 1883 haeredibus
1068 1834 1119 1882 in
1159 1839 1467 1898 perpetuum
1506 1832 1758 1896 possessio

279 1920 390 1985 agri
416 1920 537 1969 boni
558 1921 695 1982 (200)
717 1921 1055 1968 ducentorum
1076 1919 1321 1982 jugerum
1344 1916 1761 1981 assignabitur—

279 2009 344 2056 ad
385 2008 509 2067 haec,
554 2006 596 2054 si
639 2006 691 2053 in
735 2005 905 2069 prima
946 2004 1286 2068 expeditione,
1328 2003 1489 2051 socios
1533 2019 1586 2050 se
1628 2019 1757 2066 pra}-

280 2093 507 2142 stiterint
548 2109 794 2156 operamq
834 2090 1091 2151 navarint,
1131 2096 1332 2154 partem
1372 2106 1573 2153 quoque
1612 2105 1757 2136 suam

279 2181 420 2229 haud
467 2179 706 2243 exiguam
754 2179 808 2226 in
856 2178 1118 2226 fructuosa
1165 2177 1612 2236 1ne1·catura,—de
1660 2176 1761 2239 qua-

280 2265 744 2330 postea—-aliisque
770 2263 1068 2327 privelegiis
1095 2262 1428 2311 obtinebunt:
1469 2263 1530 2309 de
1556 2260 1758 2324 quibus,

281 2353 398 2400 cum
435 2353 500 2400 ad
537 2350 845 2415 praedictum
884 2350 1142 2397 Baronem
1180 2348 1431 2407 venerint,
1471 2347 1760 2395 accuratius

281 2440 406 2486 fient
441 2437 698 2486 certiores.
770 2437 920 2493 Quod
956 2440 1128 2483 autem
1167 2435 1317 2482 antea
1354 2433 1546 2482 dictum
1586 2437 1663 2480 est
1699 2434 1761 2480 de

284 2524 382 2573 100
424 2521 596 2570 Libris
645 2519 944 2584 anglicanis,
986 2520 1079 2567 hoc
1122 2519 1276 2567 etiam
1318 2520 1379 2566 de
1427 2517 1624 2565 minore
1672 2534 1761 2565 seu

282 2610 475 2674 majore
511 2608 715 2656 summ-Cr
750 2605 994 2670 pecuniae,
1022 2622 1114 2669 pro
1150 2606 1263 2653 rat-21v
1298 2604 1531 2668 portione
1557 2604 1620 2651 ab
1659 2620 1759 2651 uno
