1986 3292
998 230 1061 278 27

360 373 619 422 Praeeellit
667 376 838 421 autem
898 376 1105 432 ceterOS,
1154 388 1280 436 quos
1341 371 1466 420 alibi
1513 376 1770 420 terrarum

290 459 497 523 gustavi
556 459 752 507 fructus
812 458 934 506 Nax
982 459 1138 506 Pinea
1202 457 1352 522 (Pine
1411 459 1524 522 nut)
1590 462 1666 506 est
1712 474 1771 505 ea

290 545 472 593 coloris
511 544 667 605 aurei,
710 544 933 607 vinoque
977 543 1139 591 mixta
1185 543 1496 607 gratissima,
1541 549 1645 592 tres
1688 543 1770 591 vel

290 635 510 695 quatuor
557 631 787 694 ejusdem
830 628 1055 678 nominis
1103 646 1256 678 nuces
1305 629 1588 693 Europaeas
1636 630 1770 678 mole

289 719 582 782 adsequans,
631 717 798 781 figura
857 732 958 764 non
1032 717 1314 764 admodum
1374 715 1616 764 dissimili
1681 716 1771 764 sed

289 804 594 868 aperosiore:
677 818 778 850 non
836 805 913 850 tot
982 800 1224 850 distincta
1293 800 1651 849 loculamentis
1722 805 1773 848 et

289 888 529 950 modulis,
564 888 652 953 qui
689 887 909 937 adhibiti
946 889 1012 936 ad
1047 888 1221 951 ignem
1258 888 1499 936 nucleum
1533 888 1769 947 reddant,

289 977 379 1024 sed
420 974 565 1023 molli
602 978 652 1023 et
686 974 878 1023 tenella
913 973 1150 1022 involuta
1197 972 1560 1022 membranula
1594 972 1770 1037 gustui

282 1060 678 1125 jucundissima,
723 1060 867 1109 nullo
916 1076 1098 1124 aspera
1146 1059 1305 1120 acino,
1355 1061 1445 1108 sed
1492 1060 1522 1108 a
1567 1076 1770 1108 summo

290 1146 529 1195 deorsum
563 1145 833 1210 aequaliter
866 1146 1039 1209 palato
1077 1145 1325 1194 arridens.
1396 1146 1577 1210 Neque
1614 1147 1769 1207 deest,

289 1249 445 1297 quam
492 1236 734 1292 meretur,
783 1248 984 1292 corona,
1027 1231 1169 1280 haud
1213 1231 1367 1280 dubie
1406 1231 1543 1280 enim
1591 1230 1771 1295 regina

287 1319 549 1366 fructuum
587 1317 841 1382 appellari
876 1321 1058 1382 potest.
1131 1318 1356 1366 Gustum
1392 1318 1548 1367 habet
1578 1334 1771 1366 aroma-

287 1404 463 1466 ticum,
490 1408 539 1452 et
575 1404 827 1468 quantum
864 1403 1157 1467 conjectura
1193 1420 1449 1468 assequor,
1477 1404 1623 1467 fraga
1647 1403 1769 1451 Vino

288 1491 630 1555 saccharoque
678 1490 841 1538 mixta
886 1491 1208 1539 referentem.
1296 1490 1517 1538 Sanitati
1575 1506 1771 1538 conser-

287 1576 473 1624 vandae
515 1575 803 1639 plurimum
852 1575 1061 1636 confert,
1100 1591 1372 1639 corporum
1415 1574 1769 1624 constitutioni

283 1661 392 1709 tam
452 1662 570 1725 apte
627 1661 963 1722 consentiens,
1025 1666 1083 1710 ut
1140 1661 1259 1710 licet
1313 1662 1508 1710 ferrum
1568 1662 1766 1721 exedat,

286 1746 550 1795 hominem
596 1751 784 1807 tamen,
829 1747 871 1795 si
914 1764 1016 1811 qua
1057 1763 1138 1795 res
1181 1746 1283 1794 alia
1324 1747 1481 1813 quam
1524 1745 1766 1806 maxime,

286 1831 604 1891 corroboret3
643 1848 807 1895 neque
832 1831 1078 1896 praecelsa
1113 1831 1246 1880 hanc
1271 1848 1455 1896 queras
1481 1831 1533 1879 in
1569 1831 1764 1891 arbore,

287 1917 377 1965 sed
413 1933 587 1978 unam,
625 1918 730 1966 una
765 1934 826 1965 ex
861 1917 1032 1965 radice
1068 1916 1215 1981 quasi
1257 1917 1435 1966 cardui
1473 1916 1764 1981 Hispanici,

284 2002 679 2066 prominentem.
755 2003 1012 2067 Optabam
1049 2019 1131 2051 me
1178 2019 1361 2051 nucem
1398 2019 1556 2051 unam
1594 2003 1766 2051 Pater-

285 2090 433 2137 wilati
463 2095 630 2138 vestre&
661 2105 778 2137 cum
811 2088 950 2137 hisce
986 2088 1173 2137 litteris
1209 2090 1413 2138 tradere
1448 2088 1676 2153 potuisse
1711 2088 1765 2136 in

287 2190 488 2223 manus
560 2174 708 2223 Nihil
745 2174 898 2235 enim,
936 2179 1125 2238 praeter
1160 2174 1344 2238 ipsam,
1382 2191 1476 2238 pro
1513 2172 1766 2237 dignitate

286 2263 455 2322 potest
491 2259 793 2307 describere.

354 2342 619 2406 Vigesimo
667 2348 850 2407 quarto
897 2343 1150 2405 Januarii‚
1196 2345 1258 2392 de
1306 2348 1450 2392 nocte
1497 2344 1765 2393 subductis

288 2429 540 2490 anchoris,
577 2434 628 2477 et
669 2429 802 2477 circa
837 2429 1106 2478 meridiem
1144 2430 1403 2493 sequentis
1443 2430 1544 2479 diei
1586 2431 1766 2479 relicta

288 2516 353 2564 ad
386 2515 573 2563 laevam
610 2515 781 2564 insula
817 2516 900 2563 ΞΜ·
938 2515 1128 2576 Luciae,
1160 2516 1255 2564 sub
1293 2533 1564 2581 vesperam
1599 2516 1763 2566 tenui-
