1986 3292
953 205 1018 253 45

244 346 366 395 socii
392 364 568 395 omnes
606 348 852 396 itinerum
879 366 935 396 ac
972 349 1207 397 laborum
1235 350 1286 397 in
1325 354 1524 413 partem
1560 366 1722 414 qums-

243 434 326 480 tus
352 438 402 481 et
437 433 644 481 honoris
672 439 930 496 vocentur,
963 434 1220 498 Regisque
1254 434 1530 498 imperium
1568 434 1723 483 latins

245 524 572 582 propagetur.

312 605 442 651 Eam
480 604 532 651 in
569 621 693 664 rem,
722 603 1068 668 navigationis
1105 604 1330 666 comites,
1359 605 1476 653 ciun
1514 622 1597 653 eos
1635 604 1723 668 qui

243 691 462 738 fortunae
510 690 676 738 aleam
737 707 910 739 secum
958 690 1063 739 sint
1108 691 1373 752 tentaturi,
1423 695 1536 739 tum
1595 690 1722 738 alios

242 777 412 837 etiam,
462 777 603 825 omni
661 777 987 826 festinatione
1034 782 1085 826 et
1132 777 1402 842 diligentia
1449 776 1721 841 conquirit.

242 861 460 926 Quippe,
498 880 553 912 re
591 864 699 912 tot-Cr
737 865 971 912 accurate
1010 864 1346 925 considerata,
1385 869 1436 913 et
1472 863 1721 912 Virorum

242 965 339 997 usu
382 966 438 997 ac
485 949 763 1013 prudenti-Cr
810 949 1174 1013 praestantium
1216 949 1429 998 consilio
1473 950 1720 1011 adhibito,

242 1034 415 1083 omnia
450 1036 562 1084 tum
599 1037 881 1096 commoda,
920 1036 1037 1084 cum
1079 1036 1406 1085 incommoda,
1442 1053 1557 1100 quae
1593 1036 1722 1085 alias

243 1120 489 1169 bactensis
532 1121 756 1169 colonias
800 1122 882 1170 vel
926 1127 1307 1186 promoverant,
1349 1122 1432 1170 vel
1475 1121 1722 1185 impedie-

241 1212 373 1267 rant,
412 1208 589 1256 sedulo
618 1208 730 1271 jam
767 1208 1095 1272 studioseque
1131 1208 1433 1272 perpendit3
1472 1208 1721 1272 repperit-

244 1310 341 1357 que
384 1293 514 1341 nihil
563 1295 699 1358 quod
742 1294 1016 1343 consilium
1065 1311 1216 1343 suum
1261 1312 1362 1343 non
1411 1296 1722 1359 magnopere

243 1380 484 1442 probaret
542 1397 597 1427 ac
657 1397 948 1428 successum
1014 1382 1290 1444 sponderet
1348 1380 1721 1430 felicissimum.

244 1466 396 1526 Nam,
423 1471 473 1514 et
509 1466 699 1530 scripta
725 1484 839 1530 quae
876 1472 992 1531 post
1021 1484 1073 1516 se
1106 1467 1316 1531 reliquit
1352 1467 1722 1516 Nobilissimus

244 1551 454 1600 Paterffl)
490 1551 635 1600 testis
679 1553 911 1601 oculatus
955 1570 1011 1601 ac
1049 1553 1338 1617 locuplesffl)
1374 1570 1430 1601 ac
1471 1554 1571 1601 fide
1613 1553 1721 1617 dig-

243 1635 503 1696 nissimus,
545 1653 759 1700 quaequc
798 1638 1091 1685 constanter
1128 1638 1359 1685 referunt
1397 1637 1484 1701 qui
1525 1639 1590 1685 ad
1630 1654 1720 1685 nos

242 1721 378 1782 inde,
420 1721 501 1770 vel
550 1722 690 1770 haud
738 1723 916 1786 procul
964 1722 1084 1771 inde
1126 1727 1416 1771 commeant
1463 1723 1719 1787 quotidie3

241 1808 353 1855 tiun
396 1824 511 1871 quac
553 1806 875 1856 verissimam>
913 1807 1119 1872 scripsit
1156 1825 1212 1856 ac
1254 1807 1307 1855 in
1350 1808 1516 1856 lucem
1560 1808 1723 1856 edidit

243 1892 525 1956 Capitanus
562 1892 841 1940 Smithaeus
867 1892 955 1956 qui
992 1893 1192 1957 primus
1230 1910 1340 1941 eam
1378 1898 1568 1942 terram
1605 1910 1722 1957 ape—

241 1978 360 2038 ruit,
389 1977 521 2026 mira
554 1995 676 2027 sane
701 1983 750 2027 et
785 1980 945 2043 prope
971 1979 1206 2028 inaudita
1232 1981 1294 2028 de
1319 1979 1414 2027 soli
1447 1979 1588 2028 illius
1625 1981 1722 2028 fer-

241 2063 429 2112 tilitate
465 2065 866 2129 excellentiaque
899 2065 1531 2113 commemorat—accedit
1566 2065 1721 2113 etiam

242 2148 701 2197 innumerabilium
740 2149 1011 2197 hominum
1055 2149 1142 2213 qui
1180 2150 1262 2197 hic
1302 2149 1569 2212 (Londini)
1609 2167 1720 2197 ver-

243 2239 436 2295 santur,
478 2236 666 2300 quique
705 2235 757 2283 in
801 2253 884 2284 eas
924 2252 1038 2284 oras
1078 2237 1214 2284 unde
1253 2235 1532 2299 aliquando
1571 2253 1720 2283 vene-

240 2326 373 2381 rant,
411 2322 671 2370 reversuri
710 2327 845 2383 sunt,
887 2322 1176 2370 communis
1211 2339 1488 2370 consensus
1529 2339 1585 2370 ac
1624 2327 1720 2370 tes-

240 2405 516 2454 timonium
565 2407 667 2471 qui,
717 2425 832 2471 qua}
888 2408 1074 2456 litteris
1123 2408 1393 2455 mandavit
1440 2408 1721 2456 Smithaeus

243 2508 345 2539 uno
382 2508 467 2540 ore
506 2493 844 2555 comprobant
880 2497 1032 2556 atque
1068 2493 1388 2541 confirmant.
