1986 3292
971 229 1031 274 11

260 375 370 419 tare
412 388 464 419 se
510 370 745 419 Londino
791 370 1036 419 nuncium
1080 375 1130 418 et
1172 370 1387 429 litteras,
1433 375 1586 433 atque
1629 369 1741 417 ideo

261 473 431 505 moras
464 455 619 504 etiam
658 461 857 504 nectere
894 456 1221 504 videbantur.
1307 456 1406 503 Sed
1451 455 1590 503 Deus
1627 471 1740 502 con·

261 542 378 590 silia
414 541 619 590 diversa
655 541 878 604 abrupit.
952 541 1149 589 Eadem
1187 540 1379 604 quipper
1417 545 1562 588 nocte
1600 557 1742 603 pros-

261 644 382 691 pero
437 629 525 675 sed
579 626 753 674 valido
800 626 958 674 fiante
1013 631 1180 687 vento,
1226 626 1452 674 Lenibus
1508 626 1741 674 Gallicus

267 712 374 777 (qui
423 713 600 761 eodem
655 717 808 775 portu
856 712 1121 760 nobiscum
1171 711 1489 775 constiterat)
1544 712 1742 759 solvere

262 803 479 854 coactus,
529 799 689 862 prope
748 798 914 846 abfuit
971 798 1024 846 in
1074 803 1303 846 nostram
1362 797 1638 846 celocern(²)
1688 802 1745 845 ut

262 882 587 946 impingeret.
693 883 792 930 Ille
850 882 1024 947 igitur,
1074 899 1137 931 ne
1195 882 1743 946 opprimeretur„una

261 968 478 1033 praecisa
514 985 570 1016 ac
607 968 875 1032 deperdita
911 969 1134 1016 anchora,
1170 968 1285 1016 vela
1322 969 1444 1016 dare
1480 967 1742 1031 quampri-

264 1053 435 1111 1ns1m3
488 1056 538 1100 et
579 1051 823 1115 quoniam
865 1053 922 1100 eo
965 1051 1061 1100 loci
1101 1052 1352 1100 fluctuare
1394 1051 1742 1115 periculosum

262 1144 385 1199 erat,
424 1138 476 1186 in
515 1155 656 1186 mare
692 1139 844 1201 porro
881 1155 933 1186 se
971 1137 1230 1186 dimittere
1266 1137 1488 1186 festinat.
1562 1138 1744 1201 Itaque

263 1243 325 1273 ne
379 1223 559 1273 celoris
608 1224 769 1272 nostri
817 1230 1147 1289 conspectum
1201 1226 1549 1288 perderemus,
1600 1223 1744 1288 sequi

263 1311 599 1371 decrevimus,
638 1310 710 1359 ita
745 1328 860 1375 qua}
897 1316 1070 1360 nautae
1106 1311 1159 1359 in
1204 1328 1294 1359 nos
1332 1311 1593 1375 agitarant
1629 1327 1741 1358 con-

263 1397 394 1458 silia,
433 1402 554 1445 sunt
590 1396 854 1460 dissipata.
893 1396 1079 1445 accidit
1112 1396 1167 1445 id
1202 1399 1281 1446 23.
1314 1397 1626 1445 Novembris
1664 1396 1746 1445 die

262 1484 329 1532 sm
355 1482 607 1531 Clementi
633 1484 776 1531 sacra
801 1482 889 1547 qui
916 1483 1152 1531 anchora}
1179 1482 1423 1547 alligatus
1450 1486 1500 1530 et
1524 1480 1576 1528 in
1604 1496 1746 1528 mare

263 1569 541 1628 demersus,
569 1584 808 1615 coronam
836 1566 1072 1632 martyrii
1099 1569 1316 1631 adeptus
1342 1571 1418 1615 est
1437 1572 1478 1614 :²⁴⁴
1516 1565 1625 1612 “Et
1649 1564 1746 1612 iter

260 1654 485 1718 przebuit
520 1653 712 1717 populo
750 1658 899 1701 terrze
926 1658 982 1701 ut
1018 1658 1258 1702 enarrent
1294 1652 1556 1701 mirabilia
1594 1650 1740 1699 Dei.'’

327 1738 403 1785 Eo
440 1737 600 1801 igitur
626 1737 720 1797 die,
748 1736 937 1785 iteriim
974 1737 1107 1785 circa,
1141 1738 1392 1786 decimam
1428 1736 1740 1784 matutinam

260 1823 458 1872 festivis
484 1821 866 1886 explosionibus
893 1822 1103 1871 salutati
1139 1824 1167 1871 a
1192 1823 1370 1871 Castro
1398 1822 1582 1880 Hurst,
1610 1837 1740 1884 prze-

260 1909 472 1959 tervecti
509 1925 688 1957 sumus
731 1909 1021 1972 frequentes
1064 1908 1299 1972 scopulos
1344 1909 1409 1956 ad
1452 1911 1742 1955 extremum

261 1995 446 2044 insula}
488 1995 677 2055 Vectae,
716 2011 842 2058 quos
886 1995 914 2042 εὶ
956 1995 1122 2042 forma.
1164 2012 1284 2043 acus
1326 1998 1526 2042 vocant.
1612 1993 1744 2040 Sunt

262 2086 433 2130 autem
472 2079 838 2144 navigantibus
874 2080 1059 2128 terrori
1102 2086 1313 2145 propter
1351 2079 1611 2143 duplicem
1648 2094 1739 2125 {es-

261 2175 373 2217 tum
412 2167 584 2228 maris,
622 2166 741 2214 hinc
783 2166 834 2214 in
873 2183 1009 2227 saxa,
1048 2167 1191 2215 illinc
1228 2168 1280 2215 in
1326 2166 1553 2214 vicinum
1597 2164 1743 2212 littus

357 2307 544 2338 wPinnee.
980 2308 1000 2327 ἦ
1010 2306 1169 2338 Ecclesia
1189 2307 1222 2337 in
1244 2307 1359 2338 officio
1378 2306 1425 2337 δή
1446 2303 1652 2337 Clementis,
