1986 3292
956 212 1018 258 15

247 355 433 414 mebat,
472 371 624 417 quem
661 358 793 402 tetra
836 370 935 401 nox
972 353 1326 416 frequentibus
1362 354 1486 401 foeta
1520 351 1724 400 terrori-

248 441 344 488 bus
382 442 615 505 augebat.
687 441 1022 488 Illucesccnte
1055 440 1150 500 die,
1178 441 1294 488 cum
1320 440 1536 487 africum
1573 439 1724 486 habo-

249 543 423 574 remus
449 526 779 586 contrarium,
808 526 928 588 quia
961 529 1133 573 tamen
1168 525 1462 588 languidior
1487 529 1610 585 erat,
1636 540 1728 587 per

246 612 436 659 multas
462 612 703 674 ambages
740 611 877 658 lente
914 611 1340 674 provehebamur.
1407 611 1489 657 Ita
1523 609 1726 669 MartiS,

247 697 495 745 Mercurii
534 701 583 745 et
621 696 767 744 Jovis
807 696 915 744 dies
952 696 1274 744 variantibus
1321 696 1501 755 ventis,
1541 695 1727 758 exiguo

246 784 476 847 profectu
524 783 709 831 abiere.
816 782 912 830 Die
959 782 1193 842 Veneris,
1243 782 1506 830 obtinente
1564 781 1726 828 Euro-

246 870 397 930 NotO,
442 874 492 918 et
537 870 747 932 glaucas
795 873 1005 932 cogente
1054 869 1215 916 nubes
1264 873 1418 916 vento
1466 866 1725 931 gravidas,

244 960 420 1004 tantus
447 955 579 1004 circa
605 971 873 1018 vesperam
900 971 952 1002 se
978 954 1128 1002 turbo
1154 953 1350 1013 effudit,
1372 957 1430 1001 ut
1453 952 1728 1001 momentis

247 1040 480 1104 singulis,
519 1039 821 1088 involvendi
862 1039 1104 1087 fiuctibus
1142 1039 1453 1087 videremur.
1548 1038 1729 1101 Neque

246 1127 453 1175 mitiora
490 1126 826 1190 promittebat
864 1126 955 1173 lux
996 1125 1270 1188 insequens
1313 1126 1540 1173 Andreas
1583 1140 1727 1187 apos-

245 1214 349 1262 tolo
375 1230 518 1261 sacra
544 1213 736 1273 Nubes,
757 1212 1038 1260 terrificum
1064 1211 1116 1259 in
1144 1229 1339 1260 morem
1367 1215 1727 1269 excrescentes,

246 1299 430 1348 terrori
456 1303 604 1347 erant
634 1298 957 1346 intuentibus
984 1298 1260 1361 antequam
1288 1298 1727 1346 discinderentur:

246 1388 296 1432 et
332 1383 628 1447 opinionem
664 1383 920 1431 faciebant
955 1382 1207 1448 prodiisse
1233 1384 1510 1432 adversum
1548 1400 1639 1431 nos
1676 1383 1729 1430 in

248 1470 424 1531 aciem,
468 1487 644 1519 omnes
687 1469 901 1534 spiritus
948 1474 1317 1533 tempestatum
1360 1470 1634 1529 maleficas,
1682 1474 1733 1517 et

246 1556 410 1604 malos
452 1556 627 1620 genios
666 1572 842 1604 omnes
882 1555 1244 1620 Marylandiz’c.
1335 1555 1594 1603 Inclinat-a
1632 1554 1730 1615 die,

250 1642 384 1691 vidit
436 1642 745 1690 Navarchus
794 1642 984 1690 Piscem
1023 1643 1135 1690 solis
1176 1642 1348 1690 cursui
1390 1643 1545 1690 solari
1589 1641 1730 1690 obni-

248 1732 471 1777 tentem:
534 1730 671 1793 quod
727 1727 953 1777 horridae
1005 1728 1327 1791 tempestatis
1386 1728 1731 1777 certissimum

257 1815 373 1879 (est)
415 1814 692 1863 indicium:
733 1831 896 1878 neque
931 1814 1058 1862 fides
1092 1814 1256 1862 abfuit
1292 1815 1524 1878 auguriO.
1597 1815 1734 1863 Nam

250 1901 383 1950 circa
436 1901 703 1949 Decimam
756 1905 1060 1949 nocturnam
1109 1917 1241 1948 caeca
1289 1902 1450 1949 nubes
1510 1906 1734 1949 atrocem

252 1987 453 2051 depluit
493 1987 729 2035 imbrem.
802 1987 973 2046 Hunc,
1012 1987 1118 2034 tam
1155 1985 1399 2034 immanis
1435 1987 1587 2035 turbo
1624 2003 1733 2034 sus-

253 2072 400 2136 cepit,
428 2077 485 2120 ut
521 2090 723 2121 necesse
760 2071 915 2120 fuerit
951 2071 1254 2135 quantocius
1281 2073 1345 2120 ad
1383 2073 1499 2120 vola
1536 2077 1734 2120 contra-

254 2159 425 2207 henda
483 2175 773 2207 accurrere:
844 2174 1007 2220 neque
1066 2156 1119 2204 id
1177 2157 1287 2205 fieri
1335 2159 1441 2205 tam
1501 2157 1737 2221 expedite

254 2244 437 2308 potuit,
465 2245 620 2308 quam
658 2243 895 2302 acatium,
935 2259 1023 2289 seu
1061 2242 1235 2289 velum
1272 2243 1454 2305 majus,
1493 2258 1591 2305 quo
1630 2242 1737 2289 solo

257 2329 647 2393 navigabamus,
686 2328 915 2377 medium
967 2328 995 2376 a
1042 2343 1238 2375 summe
1293 2328 1530 2375 deorssun
1578 2328 1735 2375 finde-
