1986 3292
973 242 1044 297 40‘

265 394 396 453 lant3
438 399 653 457 utraque
691 410 750 440 ex
787 392 956 441 tritico
984 393 1193 455 (indico)
1220 392 1485 441 conficitur
1522 391 1742 438 addunt-

265 498 362 543 que
389 480 649 527 interdum
677 478 883 542 piscem,
912 479 991 525 vel
1028 481 1164 541 quod
1191 483 1395 537 venatu,
1424 477 1743 540 aucupieque

266 566 484 613 assecuti
522 569 656 613 sunt.
739 564 936 611 Cavent
971 563 1068 611 sibi
1106 565 1261 628 quam
1299 562 1521 610 maxime
1558 563 1587 610 a
1622 561 1743 609 vine

265 655 315 697 et
350 648 645 712 petionibus
682 647 862 696 calidis
900 647 1180 710 (crematis)
1218 664 1382 711 neque
1418 648 1744 695 adducuntur

264 736 410 783 facile
448 740 504 782 ut
539 751 623 782 eas
661 735 950 797 degustent,
979 733 1078 781 nisi
1116 750 1243 798 ques
1280 732 1421 797 angli
1458 732 1564 780 suis
1602 732 1743 780 vitiis

264 820 545 869 infecerint.
619 820 768 877 Quod
807 821 872 868 ad
908 819 1196 868 castitatem
1234 820 1432 878 attinet,
1464 819 1625 866 fateor
1662 834 1744 865 me

266 908 495 956 nendum
539 905 824 955 advertisse
871 906 923 953 in
968 906 1079 954 vire
1125 906 1207 954 vel
1256 905 1448 954 femina
1490 904 1741 952 actionem

266 995 426 1042 ullam
464 1008 579 1058 quse
617 993 698 1041 vel
736 992 1001 1041 levitatem
1038 998 1260 1057 saperet:
1305 991 1533 1056 quotidie
1569 996 1742 1039 tamen

266 1080 530 1129 nobiscum
557 1084 607 1127 et
642 1081 782 1142 apud
822 1096 913 1127 nos
950 1084 1084 1140 sunt,
1111 1085 1161 1128 et
1195 1084 1368 1127 nostre
1405 1080 1632 1143 gaudent
1668 1077 1743 1125 uti

265 1167 533 1216 consertio.
607 1167 875 1214 Accurunt
911 1171 1106 1229 sponte,
1134 1167 1285 1215 vultu
1322 1167 1387 1214 ad
1425 1165 1742 1213 hilaritatem

264 1252 559 1316 composito,
592 1256 642 1299 et
677 1252 900 1299 offerunt
935 1268 1050 1315 qua}
1086 1251 1260 1300 venati
1295 1251 1378 1299 vel
1417 1250 1599 1315 piscati
1639 1251 1739 1299 fue-

266 1340 399 1398 rint;
455 1338 593 1386 cibes
636 1337 792 1386 etiam
841 1336 1135 1401 aliquande,
1180 1343 1230 1386 et
1271 1342 1438 1386 ostrea
1479 1341 1619 1385 cocta
1662 1337 1743 1384 vel

264 1426 455 1474 arsa.(¹2‘
493 1464 501 1473 .
542 1463 551 1472 .
592 1463 600 1472 .
642 1463 650 1472 .
689 1423 843 1487 idque
886 1423 1062 1486 paucis
1105 1423 1326 1484 invitati,
1368 1424 1575 1488 lingum,
1617 1422 1743 1487 ipsis

266 1511 569 1569 vernaculze,
598 1508 769 1557 verbis
795 1526 910 1572 quae
947 1526 1038 1572 per
1068 1510 1216 1574 signa
1252 1510 1517 1559 hactemus
1545 1514 1741 1558 utcum-

267 1615 365 1662 que
406 1596 696 1645 didicimus
769 1595 954 1643 Plures
997 1597 1193 1645 ducunt
1234 1614 1441 1656 uxores3
1486 1597 1741 1660 integram

265 1689 437 1731 tamen
478 1685 688 1729 servant
725 1681 879 1728 fidem
923 1682 1262 1745 conjugalem.
1335 1683 1621 1731 Mulierum
1666 1699 1744 1729 as-

268 1773 443 1832 pectus
480 1766 654 1830 gravis
691 1770 768 1813 est
804 1770 854 1813 et
890 1768 1167 1816 modestus.

336 1854 398 1901 In
439 1852 741 1901 universum
785 1851 1023 1900 liberales
1062 1855 1300 1904 nutriunt
1339 1856 1559 1904 animes:
1605 1855 1741 1919 quic-

267 1938 392 2002 quid
422 1937 653 1986 beneficii
679 1937 971 1998 contuleris,
999 1943 1306 2003 rependunt.
1379 1942 1525 1990 Nihil
1552 1942 1744 1990 temere

268 2026 562 2082 decernunt,
592 2026 680 2070 aut
716 2021 884 2070 subite
922 2025 1113 2088 arrepti
1152 2032 1295 2075 motu
1332 2027 1508 2087 animi,
1540 2028 1630 2075 sed
1666 2043 1746 2074 ra-

267 2109 436 2168 tione3
491 2107 604 2156 ides)
652 2107 769 2155 cum
818 2107 1099 2172 quidquam
1160 2113 1407 2161 momenti
1467 2113 1745 2176 aliquande

268 2193 589 2257 preponitur,
625 2192 777 2240 silent
815 2192 1194 2257 aliquantulum
1235 2198 1596 2262 cogitabundi3
1634 2198 1745 2245 tuin

313 2330 521 2371 (¹²)(21liquid
540 2330 652 2371 deest)
675 2329 729 2359 Ex
748 2328 886 2369 gratia:
917 2334 1072 2365 “nostran
1090 2334 1198 2366 etiam
1218 2346 1346 2366 mensxe
1363 2335 1558 2374 assident,''
1580 2334 1686 2375 idque
