1986 3292
1016 203 1112 250 110

322 346 396 383 toti
419 347 571 395 regioni
595 347 703 396 prius
725 347 956 396 imperabat,
981 352 1016 384 ct
1040 348 1196 385 transiit
1228 348 1300 384 suh
1323 347 1449 393 Regis
1471 347 1646 384 strictius
1667 344 1802 383 Domi-

324 418 429 455 nium
452 419 531 456 sive
554 419 817 468 muncipinm3
849 419 916 456 sed
939 432 961 455 a
982 420 1141 456 comitio
1167 420 1402 457 Provinciali
1427 420 1692 469 (Assemhly).

376 491 449 529 Ille
480 497 639 529 senatus
671 492 899 538 Georgium,
931 492 1119 541 qnoniam
1151 498 1234 530 crat
1267 493 1511 539 Catholicns,
1542 494 1656 530 bonis
1686 493 1803 529 inter-

325 564 426 601 dixit
448 564 485 600 in
508 564 694 612 Virginis}
715 565 1003 613 comparandis,
1026 565 1230 614 vetuitque
1252 566 1384 602 sedem
1412 566 1491 603 illic
1513 566 1643 614 figere,
1666 565 1740 602 nisi
1762 564 1800 600 in

323 636 568 684 spiritualem
599 636 726 685 Regis
748 637 909 685 Angliae
940 637 1162 674 Primatum
1188 639 1354 686 juraret,
1378 639 1594 687 eodemque
1625 650 1707 675 sese
1738 637 1805 673 ob-

321 708 560 757 stringerent
595 714 841 746 sacramento
873 710 954 757 ejus
989 722 1177 758 sequaces
1209 710 1409 748 catholici.
1484 710 1637 747 Renuit
1679 710 1800 747 Geor-

323 780 424 829 gius,
448 785 487 818 et.
507 781 637 818 animo
659 793 698 818 se
720 781 915 818 convertit
937 781 988 818 ad
1018 781 1130 819 littus
1162 781 1332 819 fluminis
1364 782 1618 820 Patowmeck
1638 787 1803 832 septem-

323 853 491 890 trionale
513 853 813 903 explorandum,
837 854 1143 903 adjacentesqne
1173 855 1356 904 regiones
1386 855 1417 891 si
1448 856 1548 892 forte
1577 855 1700 900 laetas,
1722 854 1801 890 fru-

323 937 496 974 gumque
518 925 665 962 feraces
687 937 802 974 agros
825 926 1029 972 inveniret,
1053 927 1103 964 ad
1134 939 1231 976 quas
1253 928 1458 965 commode
1487 932 1619 977 posset
1641 927 1800 964 colonos

323 999 500 1045 educere,
524 1004 561 1036 et
583 1000 661 1037 illic
682 1000 838 1049 quietas
861 999 1079 1038 Catholicis
1104 1001 1215 1037 sedes
1236 1000 1424 1038 stabilire.

377 1072 565 1120 Quamvis
587 1073 689 1109 enim
711 1077 904 1110 terrarum
927 1076 1090 1118 tractus,
1110 1073 1176 1122 qui
1198 1074 1336 1122 postea
1358 1071 1621 1121 Marylandiae
1643 1070 1800 1107 nomine

322 1145 501 1194 insigniti
518 1153 620 1192 sunt,
636 1145 833 1194 Virginiae
855 1146 947 1183 olim
965 1147 987 1182 it
1002 1145 1157 1183 Jacobo
1182 1147 1223 1182 1O
1243 1145 1389 1182 fuerint
1411 1143 1606 1189 attributi,
1625 1143 1800 1180 extincta

321 1222 454 1255 tamen
475 1218 662 1256 societate
680 1223 940 1256 mercatorum
962 1218 1105 1267 quibus
1122 1222 1246 1255 terras
1268 1218 1366 1264 illas,
1383 1222 1425 1255 ut
1437 1216 1633 1266 Virginiae
1647 1220 1800 1265 partem

322 1295 580 1337 concesserat,
604 1290 650 1327 de
672 1291 827 1340 integro
857 1295 989 1328 tamen
1020 1291 1059 1327 in
1090 1290 1216 1340 Regis
1240 1295 1480 1340 potestatem
1502 1290 1632 1326 denuo
1654 1288 1801 1325 cecide-

324 1370 425 1412 rant,
449 1377 564 1414 quem
584 1366 705 1414 penes
726 1370 820 1402 tunc
843 1370 927 1403 crat
948 1365 1034 1402 illas
1056 1365 1217 1403 cuilibet
1238 1377 1309 1415 pro
1331 1365 1446 1403 libitu
1468 1376 1538 1401 suo
1559 1363 1708 1412 largiri.

377 1439 470 1476 Non
503 1443 659 1476 constat
692 1439 863 1488 quidem,
901 1442 945 1476 ut
976 1439 1031 1477 ait
1064 1438 1242 1478 Bozman
1275 1438 1358 1475 ulla
1390 1438 1604 1483 hominum,
1635 1437 1800 1486 scripto-

321 1524 456 1549 rumve
478 1511 676 1557 memoria,
694 1511 922 1559 Georgium,
941 1512 1152 1560 postquam
1169 1510 1356 1559 Virgini-a
1378 1510 1634 1555 abscesserat,
1653 1509 1727 1546 iter
1749 1509 1800 1546 ad

322 1585 642 1635 septemtrionem
665 1584 817 1622 flexisse
840 1589 878 1621 et
899 1584 1001 1621 sinui
1025 1584 1282 1633 Chesapeake
1304 1584 1487 1633 illapsum
1510 1595 1604 1629 esse,
1628 1587 1673 1620 ut
1694 1583 1800 1619 illius

322 1659 487 1704 accolas,
518 1658 579 1695 vel
611 1669 727 1706 agros
758 1657 995 1694 observaret.
1056 1656 1174 1693 Hanc
1204 1660 1337 1694 tamen
1368 1656 1692 1706 explorationem,
1726 1667 1799 1704 pro

322 1732 535 1782 prudentia
556 1731 628 1768 viri
646 1735 683 1768 et
705 1730 881 1775 consilio,
898 1729 1006 1779 quod
1028 1733 1156 1767 mente
1174 1730 1339 1779 gerebat
1359 1730 1470 1767 illum
1487 1742 1570 1766 cam
1589 1741 1666 1766 non
1688 1741 1800 1778 opor-

322 1806 400 1844 tuit
422 1805 615 1842 omittere.
641 1808 682 1840 at
698 1803 887 1852 quicquid
905 1803 944 1840 id
961 1807 1030 1848 est,
1046 1803 1128 1850 jam
1144 1803 1316 1840 redierat
1337 1803 1376 1839 in
1394 1802 1585 1851 Angliam
1602 1815 1661 1839 an.
1683 1804 1798 1848 1631,

323 1884 362 1916 et
382 1877 553 1927 petierat
579 1878 601 1914 a
627 1876 741 1925 Rege
765 1875 909 1914 Carolo
935 1877 974 1912 10
994 1875 1067 1912 sibi
1089 1875 1247 1924 suisque
1269 1875 1431 1912 concedi
1454 1875 1688 1924 Regionem,
1711 1887 1800 1924 quae

325 1954 347 1989 a
368 1951 526 1989 flumine
548 1948 801 1987 Patowmeck
822 1948 949 1997 vergit
969 1948 1019 1985 ad
1042 1947 1386 1997 Septemtrionem.

379 2025 526 2062 Utrsun
557 2022 754 2071 Georgius
787 2022 914 2071 primo
944 2021 1011 2058 illo
1042 2021 1193 2067 itinere,
1225 2022 1450 2059 sacerdotes
1480 2021 1555 2058 sibi
1585 2021 1801 2058 catholicos

325 2097 561 2148 adjunxerit,
594 2108 672 2133 non
705 2100 815 2132 extat
847 2095 1055 2143 memori-[23
1098 2100 1274 2132 attamen
1314 2095 1354 2132 id
1392 2094 1530 2143 procul
1569 2094 1690 2133 dubio
1722 2106 1799 2131 non

326 2170 511 2209 omiserit.

380 2346 388 2355 .
424 2346 432 2353 .
467 2345 474 2353 .
510 2315 577 2352 An
599 2313 855 2363 eye-witness.
887 2341 896 2351 .
928 2342 936 2350 .
971 2343 978 2350 .
1009 2312 1101 2350 Itis
1123 2312 1279 2351 evident
1300 2312 1399 2352 from
1420 2311 1509 2357 this,
1532 2311 1621 2348 that
1643 2311 1800 2360 George

325 2388 468 2427 visited
496 2386 695 2435 Yirginia,
730 2386 863 2422 before
893 2385 941 2422 he
972 2385 1130 2434 applied
1166 2390 1207 2422 to
1241 2384 1405 2423 Charles
1439 2384 1505 2420 the
1541 2383 1647 2420 First
1680 2384 1738 2420 for
1779 2396 1802 2420 a

325 2466 444 2513 grant
473 2459 516 2497 of
549 2458 774 2507 Maryland,
810 2458 849 2494 in
889 2457 956 2494 the
995 2469 1088 2506 year
1122 2459 1235 2495 1633.
1314 2455 1426 2493 Burk
1461 2456 1543 2492 also
1582 2456 1653 2493 has
1693 2469 1799 2495 more

324 2533 499 2582 recently
528 2531 706 2569 asserted
736 2530 814 2567 this
844 2530 883 2566 in
913 2530 972 2566 his
1002 2530 1152 2579 history
1182 2529 1226 2566 of
1254 2529 1453 2578 Virginia,
1486 2541 1535 2566 on
1565 2530 1631 2567 the
1662 2531 1801 2568 autho-

323 2608 401 2658 rity
432 2606 474 2643 of
505 2616 528 2641 a
556 2602 808 2651 Manuscript
838 2602 1004 2639 entitled
1037 2602 1237 2639 “Ancient
1272 2601 1502 2649 Records;’'
1541 2601 1619 2639 this
1660 2602 1802 2639 Manu-

323 2681 445 2730 script
462 2676 627 2717 Colonel
644 2675 754 2725 Byrd
774 2675 853 2715 had
869 2675 987 2712 taken
1005 2675 1102 2712 from
1125 2675 1190 2712 the
1210 2675 1415 2720 Archives,
1431 2674 1543 2712 when
1560 2675 1625 2712 the
1648 2688 1797 2725 enemy,

323 2761 365 2792 at
393 2753 459 2791 the
480 2751 574 2789 time
597 2750 640 2790 of
664 2749 730 2786 the
752 2748 1037 2794 disturbances,
1061 2749 1184 2785 about
1213 2748 1279 2785 the
1300 2760 1393 2797 year
1418 2748 1531 2794 1778,
1555 2760 1653 2786 were
1675 2761 1802 2798 carry-

323 2829 392 2875 ing
413 2825 467 2863 off
492 2823 558 2863 the
580 2822 645 2862 old
675 2822 843 2863 records,
905 2821 963 2862 To
985 2821 1050 2858 the
1072 2833 1177 2862 same
1199 2821 1311 2858 effect
1332 2821 1522 2859 Bozman.
1584 2821 1695 2860 Burk
1716 2821 1798 2858 also
