1986 3292
314 563 608 652 Excerpta
632 586 704 630 ex
723 563 991 632 Diversis
1010 564 1242 633 Litteris
1264 566 1789 649 Missionariorum‚

541 676 616 743 ab
643 677 815 744 Anno
837 679 1010 764 1635,
1035 678 1111 745 ad
1132 679 1373 746 Annum
1398 682 1576 750 1638.

794 878 993 910 INCERTUS
1018 879 1192 919 AUCTOR,
1214 880 1309 911 1635.

380 1001 456 1049 De
498 1001 592 1049 hac
633 1000 883 1049 Missione
926 1019 1040 1066 quae
1083 1019 1249 1066 nuper
1287 1002 1526 1051 inchoata
1565 1004 1681 1066 (est)
1728 1003 1792 1051 ob

308 1086 578 1151 plurimas,
617 1103 731 1150 quae
774 1087 824 1134 in
870 1089 929 1136 ea
970 1093 1259 1149 occurrunt,
1303 1089 1645 1150 difficultates,
1690 1090 1792 1137 exi-

308 1190 441 1237 guus
467 1174 634 1222 adhuc
659 1174 855 1221 fructus
885 1173 997 1233 fuit,
1024 1175 1313 1238 przesertim
1341 1177 1480 1239 apud
1513 1175 1788 1234 BarbarOS,

308 1277 529 1324 quorum
567 1259 746 1324 lingua
782 1261 927 1309 tarde
962 1262 990 1308 a
1027 1261 1359 1310 Nostratibus
1398 1261 1628 1322 discitur,
1657 1262 1790 1309 nihil

310 1346 414 1394 fere
440 1345 594 1394 scribi
630 1351 813 1410 potest.
873 1346 1164 1395 Versantur
1190 1347 1240 1395 in
1270 1349 1329 1396 ea
1365 1348 1496 1396 Socii
1522 1347 1791 1412 qm·22que<··³>‚

309 1438 407 1481 tres
454 1433 779 1481 Sacerdotes:
841 1434 1161 1497 coadjutores
1210 1436 1315 1494 dcco,
1366 1434 1453 1498 qui
1509 1439 1792 1498 przesentes

307 1518 526 1579 labores,
565 1518 727 1569 futuri
767 1521 983 1568 eventfis
1025 1537 1130 1584 spe,
1169 1537 1286 1568 cum
1326 1521 1492 1569 multa
1535 1520 1794 1569 sustinent

308 1605 590 1654 alacritate.

792 1808 990 1841 INCERTL'S
1016 1809 1188 1849 AUCTOR,
1210 1809 1306 1840 1636.

374 1932 666 1980 Versantur
691 1931 743 1979 in
775 1931 869 1979 hac
904 1931 1153 1979 Missione
1179 1932 1476 1980 Sacerdotes
1502 1930 1788 1995 quatuor<ss>‚

309 2038 424 2070 cum
452 2036 553 2068 uno
588 2019 821 2082 adjutore
855 2018 1144 2081 temporali.
1173 2018 1201 2065 a
1230 2017 1432 2081 quibus,
1460 2018 1597 2081 quod
1632 2016 1790 2064 nullae

309 2103 428 2151 inde
465 2103 558 2151 hoc
595 2119 729 2150 anno
769 2102 983 2165 perlata}
1021 2106 1143 2149 sunt
1181 2102 1384 2162 littcrze,
1423 2101 1548 2165 quid
1586 2106 1789 2165 gestum

309 2189 389 2249 sit,
417 2188 650 2252 cogimur
686 2188 939 2251 ignorare.

722 2371 917 2402 Ixcnssrcs
935 2370 1109 2411 Atw'rfflz,
1130 2370 1246 2401 Amo
1275 2370 1369 2401 1638.

375 2484 687 2548 Spectabant
723 2484 787 2530 ad
824 2483 954 2529 hanc
992 2481 1295 2529 Missionem
1334 2482 1515 2529 Patres
1551 2486 1786 2545 quatuor,

306 2588 423 2619 cum
476 2586 577 2617 uno
624 2585 797 2616 rerum
847 2567 1211 2630 temporalium
1268 2567 1516 2630 adjutore.
1611 2568 1787 2630 Atque

308 2658 390 2706 hic
427 2656 650 2720 quidem,
683 2660 798 2718 post
834 2670 1017 2717 graves
1055 2653 1254 2701 labores
1291 2658 1396 2701 toto
1433 2652 1786 2717 quinquennio

1021 2741 1076 2779 54
