1986 3292
967 236 1031 283 23

261 384 342 432 vel
381 384 445 431 ad
482 382 673 446 piscem
712 380 763 427 in
804 379 1153 427 Greenlandia
1189 379 1530 427 condiendum
1575 376 1738 424 consc-

260 475 396 518 runt.
471 468 629 532 Copia
660 467 782 515 salis
819 472 971 529 atque
1005 466 1159 513 etiam
1190 466 1491 529 Caprarum,
1519 480 1736 528 quarum

260 556 431 605 insula
478 555 619 603 ferax
666 557 756 613 est,
801 553 858 599 eo
907 568 998 599 nos
1040 551 1323 610 invitabat3
1379 552 1498 598 nam
1548 547 1739 612 alioqui

263 640 551 688 habitatore
594 637 736 685 nullo
785 636 961 684 utitur.
1050 635 1209 683 Pauci
1251 636 1455 683 tantum
1504 633 1741 682 Lusitani

265 727 416 776 exilio
469 729 680 790 propter
728 724 919 771 scelera
966 722 1119 786 pulsi,
1169 722 1347 782 vitam,
1398 726 1455 770 ut
1509 726 1740 785 possunt,

262 816 493 866 trahunt.
586 813 690 861 Vix
742 813 841 860 200
888 810 1134 858 milliaria
1182 810 1576 872 confeceramus,
1626 809 1742 856 cum

265 901 478 950 mutatis
516 900 705 949 iterum
749 899 1092 963 quorumdam
1132 896 1458 961 suggestione
1500 895 1741 954 consiliis,

265 1007 327 1038 ne
362 991 677 1037 commeatus
714 986 767 1033 in
810 990 955 1033 tanto
991 984 1207 1032 circuitu
1245 1000 1336 1031 nos
1373 984 1622 1042 deficeret,
1659 983 1743 1030 de—

263 1075 502 1124 fleximus
539 1074 605 1122 ad
644 1072 957 1121 Barbadoes.

333 1161 429 1208 Est
464 1176 522 1208 ea
558 1158 834 1207 Cara'ibum
875 1173 964 1204 seu
1004 1155 1305 1203 antillarum
1343 1154 1632 1202 insularum
1674 1153 1746 1201 ul-

265 1247 408 1307 tima,
431 1247 495 1294 ab
521 1248 778 1308 {equatore
800 1244 877 1291 13.
898 1241 1145 1305 gradibus
1172 1241 1384 1301 distans,
1407 1245 1750 1303 ceterarumq:

273 1336 409 1399 (qua)
450 1333 502 1380 in
542 1333 754 1380 modum
794 1331 942 1378 arcus
982 1330 1047 1377 ad
1089 1346 1250 1393 usque
1296 1328 1478 1376 Sinum
1519 1328 1742 1376 Mexica-

267 1437 393 1468 num
430 1419 582 1482 longo
619 1421 785 1465 tractu
828 1416 1228 1480 portenduntur)
1270 1415 1588 1479 granarium.
1660 1416 1746 1462 Ad

266 1507 398 1554 hanc
430 1509 487 1553 ut
523 1502 821 1568 appulimus
858 1501 1009 1550 tertio
1047 1501 1299 1561 Januarii,
1333 1501 1385 1549 in
1424 1519 1567 1565 spem
1606 1501 1745 1549 veni-

268 1609 384 1641 mus
431 1591 716 1639 multarum
764 1588 1187 1637 commoditatum
1237 1589 1301 1636 ab
1348 1588 1528 1636 incolis
1578 1588 1746 1652 anglis

267 1684 318 1727 et
363 1676 740 1741 consanguineo
790 1675 1168 1734 Gubernatore3
1230 1676 1317 1723 sed
1370 1675 1748 1739 conspiratione

267 1764 400 1812 facta
439 1762 670 1810 modium
709 1759 866 1808 tritici
911 1759 998 1823 qui
1041 1759 1093 1807 in
1138 1759 1308 1807 insula
1347 1760 1514 1808 medio
1554 1760 1748 1808 floreno

269 1849 478 1913 Belgico
526 1847 779 1906 veniebat,
819 1846 965 1893 nobis
1014 1862 1114 1893 non
1165 1845 1263 1893 nisi
1311 1846 1587 1909 quintupla
1634 1863 1748 1909 pro-

269 1936 503 2000 portione
558 1934 779 1999 (duobus
825 1931 1032 1980 florenis
1081 1949 1197 1979 cum
1246 1931 1481 1996 dimidio)
1527 1934 1749 1980 vendere

271 2026 622 2081 decreverunt,
903 2035 1065 2066 unum
1101 2019 1182 2066 50.
1220 2018 1428 2066 florenis
1465 2018 1747 2078 Restabant,

271 2110 475 2174 pullum
524 2107 764 2156 Indicum
823 2108 901 2154 25.
951 2110 1118 2153 cetera
1166 2105 1275 2168 ejus
1334 2105 1535 2169 generis
1584 2104 1750 2152 altilia,

271 2195 472 2243 minora
507 2193 673 2242 tribus
712 2191 962 2250 Florenis,
1002 2190 1257 2238 Bovinam
1295 2207 1385 2238 seu
1421 2190 1749 2238 vervecinam

273 2281 472 2329 nullam
515 2279 789 2327 habebant.
861 2275 1065 2324 Vivunt
1103 2275 1258 2323 etiam
1303 2292 1436 2338 pane
1479 2274 1658 2322 Indico
1701 2280 1751 2322 et

274 2367 478 2425 Potat‘els‘,
518 2365 654 2428 quod
689 2362 921 2411 radicum
958 2377 1119 2424 genus
1156 2362 1300 2408 tanta
1337 2360 1599 2408 affluentia
1636 2377 1748 2424 pro-

274 2451 434 2516 venit,
461 2456 517 2499 ut
545 2451 779 2514 plaustra
804 2448 1001 2511 integra
1036 2447 1196 2510 gratis
1223 2448 1422 2495 auferre
1453 2447 1618 2496 liceat.
