1986 3292
1037 243 1103 288 59

336 388 514 431 natum
559 388 635 432 est
685 384 844 432 ulcus.
933 385 1103 441 Quare
1153 401 1257 443 nos,
1307 386 1407 448 qua
1456 384 1719 449 potuimus
1768 382 1812 431 61

336 470 619 517 necessaria
661 474 874 533 sumptu
917 475 1105 530 nostro,
1148 472 1558 533 procuravimus,
1603 470 1814 519 Chirur-

334 572 560 618 gumquo
591 555 826 603 misimus
852 556 939 620 qui
968 556 1103 603 malo
1133 558 1442 605 mederetur.
1483 558 1550 605 Et
1575 556 1814 621 quamvis

334 659 393 688 ex
446 643 613 689 ulcere
669 659 912 705 magnam
970 645 1226 690 vermium
1277 643 1476 706 copiam
1528 643 1813 706 Chirurgus

334 726 619 786 abstulerit,
647 727 822 775 solerti
855 732 1029 776 tamen
1063 728 1172 791 ejus
1207 727 1477 791 diligentia
1510 733 1560 776 et
1593 728 1812 775 aliorum

335 813 575 876 vigilanti
611 815 733 861 cura
769 819 979 862 sanatus
1017 819 1093 862 est
1126 831 1284 878 aeger,
1321 815 1534 877 jamque
1570 814 1813 861 robustus

334 905 410 947 est
466 900 706 960 famulus,
756 917 926 960 sanus,
978 900 1052 948 uti
1112 900 1416 948 confidimus
1465 901 1575 948 tum
1624 900 1812 960 animo,

335 986 447 1033 tuin
487 1003 712 1049 corpore.

400 1071 568 1133 Alius,
614 1088 799 1135 genere
842 1072 1029 1120 nobilis
1080 1074 1137 1120 eo
1185 1071 1521 1135 paupertatis,
1567 1072 1815 1120 effrenat-21,

334 1160 426 1206 sua
456 1158 676 1219 licentia,
705 1160 983 1222 perductus
1009 1164 1132 1216 erat,
1162 1164 1217 1207 ut
1242 1176 1294 1207 se
1320 1158 1372 1206 in
1404 1159 1535 1207 hanc
1561 1158 1813 1207 coloniam

334 1244 644 1307 manciparit
692 1244 794 1304 ubi,
840 1261 931 1308 per
980 1262 1141 1293 unum
1190 1262 1250 1293 ex
1299 1245 1502 1293 Nostris
1549 1247 1614 1293 ad
1660 1246 1813 1293 fidem

333 1335 525 1378 rectam
553 1336 602 1378 61
637 1331 838 1394 frugem
875 1331 1064 1378 bonam
1101 1336 1385 1390 revocatus,
1413 1330 1562 1378 anxie
1596 1347 1813 1394 semper,

335 1416 460 1463 num
521 1416 660 1463 viam
720 1433 952 1464 securam
1012 1420 1145 1464 esset
1203 1416 1465 1478 ingressus
1527 1415 1814 1464 dubitabat.

335 1502 567 1565 Cumque
615 1519 667 1550 se
715 1502 993 1565 aliquando
1054 1502 1185 1550 mari
1242 1502 1295 1550 in
1356 1502 1595 1550 navicula
1653 1504 1816 1566 parva

335 1586 688 1647 commisisset,
717 1585 953 1634 horribili
987 1586 1246 1634 exoriente
1278 1591 1584 1650 tempestate
1609 1587 1815 1650 qualem

334 1672 444 1736 ipse
491 1672 579 1736 qui
636 1672 771 1720 inter
819 1671 1174 1736 navigandum
1228 1672 1519 1736 frequentes
1574 1677 1816 1736 expertus

334 1760 515 1819 fuerat,
556 1760 821 1822 nunquam
864 1758 1093 1818 vidisset,
1124 1758 1337 1822 jamque
1376 1763 1572 1806 certum
1610 1759 1814 1806 naufra-

334 1845 478 1909 gium
518 1845 779 1894 videretur
814 1844 1099 1905 imminere,
1129 1844 1297 1892 Deum
1334 1844 1538 1908 rogavit
1577 1845 1817 1892 ardenter

336 1936 406 1991 ut,
434 1932 486 1979 in
514 1936 765 1995 susceptae
799 1948 964 1995 nuper
997 1932 1027 1979 a
1051 1947 1104 1979 se
1136 1930 1255 1979 fidei
1288 1930 1746 1991 confirmationem,
1774 1931 1816 1979 si

336 2018 546 2082 quidem
583 2034 641 2065 ea
668 2033 789 2065 vera
824 2017 968 2077 foret,
996 2020 1317 2064 averteretur
1353 2032 1582 2080 praesens
1618 2015 1816 2079 pericu-

336 2104 462 2152 lum.
522 2103 746 2152 Audivit
772 2103 911 2151 Deus
938 2106 1185 2162 orantem,
1213 2109 1264 2150 et
1293 2101 1394 2150 alio
1424 2102 1574 2150 versa
1604 2105 1819 2164 tempes-

335 2196 456 2249 tate,
500 2190 840 2238 fiuctuantem
889 2189 998 2252 ejus
1042 2187 1275 2236 animum
1322 2187 1607 2252 tranquilla
1649 2186 1819 2251 quiete

337 2275 580 2323 firmavit.
649 2275 809 2322 Haud
847 2273 919 2322 ita
962 2273 1125 2321 multo
1168 2277 1285 2336 post
1325 2272 1473 2336 gravi
1516 2273 1694 2320 morbo
1737 2271 1820 2319 vir

338 2361 427 2409 1116
475 2363 724 2409 deductus
785 2362 850 2408 ad
898 2364 1141 2419 extrema,
1192 2357 1528 2406 sacramentis
1577 2357 1817 2405 omnibus
