<?xml version="1.0" encoding="UTF-8"?>
<!DOCTYPE html PUBLIC "-//W3C//DTD XHTML 1.0 Transitional//EN"
    "http://www.w3.org/TR/xhtml1/DTD/xhtml1-transitional.dtd">
<html xmlns="http://www.w3.org/1999/xhtml" xml:lang="en" lang="en">
 <head>
  <title>
</title>
<meta http-equiv="Content-Type" content="text/html;charset=utf-8" />
  <meta name='ocr-system' content='tesseract 3.04.00' />
  <meta name='ocr-capabilities' content='ocr_page ocr_carea ocr_par ocr_line ocrx_word'/>
</head>
<body>
  <div class='ocr_page' id='page_1' title='image "./relatioitinerisi00jesurich_0028.png"; bbox 0 0 1986 3292; ppageno 0'>
   <div class='ocr_carea' id='block_1_1' title="bbox 991 242 1051 292">
    <p class='ocr_par' dir='ltr' id='par_1_1' title="bbox 991 242 1051 292">
     <span class='ocr_line' id='line_1_1' title="bbox 991 242 1051 292; baseline 0.033 -2"><span class='ocrx_word' id='word_1_1' title='bbox 991 242 1051 292; x_wconf 86' lang='lat'>17</span> 
     </span>
    </p>
   </div>
   <div class='ocr_carea' id='block_1_2' title="bbox 282 382 1772 2604">
    <p class='ocr_par' dir='ltr' id='par_1_2' title="bbox 283 382 1772 1554">
     <span class='ocr_line' id='line_1_2' title="bbox 283 382 1763 436; baseline -0.005 0"><span class='ocrx_word' id='word_1_2' title='bbox 283 387 475 436; x_wconf 89' lang='lat' dir='ltr'>similia</span> <span class='ocrx_word' id='word_1_3' title='bbox 512 387 690 434; x_wconf 82' lang='lat' dir='ltr'>multa.</span> <span class='ocrx_word' id='word_1_4' title='bbox 763 386 980 434; x_wconf 74' lang='lat' dir='ltr'>Affulsit</span> <span class='ocrx_word' id='word_1_5' title='bbox 1016 385 1155 433; x_wconf 66' lang='lat' dir='ltr'>intirs</span> <span class='ocrx_word' id='word_1_6' title='bbox 1191 386 1242 433; x_wconf 87' lang='lat' dir='ltr'>in</span> <span class='ocrx_word' id='word_1_7' title='bbox 1281 385 1452 433; x_wconf 87' lang='lat' dir='ltr'>animo</span> <span class='ocrx_word' id='word_1_8' title='bbox 1484 382 1763 432; x_wconf 80' lang='lat' dir='ltr'>consolatio</span> 
     </span>
     <span class='ocr_line' id='line_1_3' title="bbox 284 471 1762 538; baseline -0.004 -17"><span class='ocrx_word' id='word_1_9' title='bbox 284 491 383 522; x_wconf 89' lang='lat' dir='ltr'>non</span> <span class='ocrx_word' id='word_1_10' title='bbox 428 471 699 520; x_wconf 78' lang='lat' dir='ltr'>mediocris</span> <span class='ocrx_word' id='word_1_11' title='bbox 740 476 789 519; x_wconf 86' lang='lat' dir='ltr'>et</span> <span class='ocrx_word' id='word_1_12' title='bbox 827 471 982 518; x_wconf 87' lang='lat' dir='ltr'>simul</span> <span class='ocrx_word' id='word_1_13' title='bbox 1022 471 1285 534; x_wconf 82' lang='lat' dir='ltr'>persuasio</span> <span class='ocrx_word' id='word_1_14' title='bbox 1321 472 1428 519; x_wconf 74' lang='lat' dir='ltr'>tam</span> <span class='ocrx_word' id='word_1_15' title='bbox 1466 475 1617 538; x_wconf 78' lang='lat' dir='ltr'>certa,</span> <span class='ocrx_word' id='word_1_16' title='bbox 1657 486 1762 528; x_wconf 86' lang='lat' dir='ltr'>nos,</span> 
     </span>
     <span class='ocr_line' id='line_1_4' title="bbox 285 556 1763 620; baseline -0.003 -14"><span class='ocrx_word' id='word_1_17' title='bbox 285 576 385 607; x_wconf 90' lang='lat' dir='ltr'>non</span> <span class='ocrx_word' id='word_1_18' title='bbox 435 560 498 606; x_wconf 89' lang='lat' dir='ltr'>ab</span> <span class='ocrx_word' id='word_1_19' title='bbox 544 558 638 605; x_wconf 71' lang='lat' dir='ltr'>hae</span> <span class='ocrx_word' id='word_1_20' title='bbox 687 557 911 620; x_wconf 69' lang='lat' dir='ltr'>procella</span> <span class='ocrx_word' id='word_1_21' title='bbox 952 558 1172 617; x_wconf 72' lang='lat' dir='ltr'>tantuin,</span> <span class='ocrx_word' id='word_1_22' title='bbox 1217 559 1306 605; x_wconf 87' lang='lat' dir='ltr'>sed</span> <span class='ocrx_word' id='word_1_23' title='bbox 1353 559 1416 604; x_wconf 90' lang='lat' dir='ltr'>ab</span> <span class='ocrx_word' id='word_1_24' title='bbox 1460 557 1599 604; x_wconf 89' lang='lat' dir='ltr'>omni</span> <span class='ocrx_word' id='word_1_25' title='bbox 1648 556 1763 615; x_wconf 70' lang='lat' dir='ltr'>alia,</span> 
     </span>
     <span class='ocr_line' id='line_1_5' title="bbox 284 642 1767 706; baseline -0.001 -15"><span class='ocrx_word' id='word_1_26' title='bbox 284 644 467 692; x_wconf 83' lang='lat' dir='ltr'>itinere</span> <span class='ocrx_word' id='word_1_27' title='bbox 510 643 621 703; x_wconf 73' lang='lat' dir='ltr'>isto,</span> <span class='ocrx_word' id='word_1_28' title='bbox 667 643 976 703; x_wconf 89' lang='lat' dir='ltr'>liberandos,</span> <span class='ocrx_word' id='word_1_29' title='bbox 1022 647 1079 690; x_wconf 93' lang='lat' dir='ltr'>ut</span> <span class='ocrx_word' id='word_1_30' title='bbox 1121 642 1296 690; x_wconf 87' lang='lat' dir='ltr'>nullus</span> <span class='ocrx_word' id='word_1_31' title='bbox 1344 644 1482 706; x_wconf 83' lang='lat' dir='ltr'>apud</span> <span class='ocrx_word' id='word_1_32' title='bbox 1531 659 1611 689; x_wconf 89' lang='lat' dir='ltr'>mo</span> <span class='ocrx_word' id='word_1_33' title='bbox 1659 659 1767 689; x_wconf 89' lang='grc'><strong>0550</strong></span> 
     </span>
     <span class='ocr_line' id='line_1_6' title="bbox 285 729 1766 794; baseline -0.001 -17"><span class='ocrx_word' id='word_1_34' title='bbox 285 734 456 794; x_wconf 78' lang='lat' dir='ltr'>posset</span> <span class='ocrx_word' id='word_1_35' title='bbox 482 729 755 778; x_wconf 86' lang='lat' dir='ltr'>dubitandi</span> <span class='ocrx_word' id='word_1_36' title='bbox 785 729 941 777; x_wconf 87' lang='grc'><strong>100115.</strong></span> <span class='ocrx_word' id='word_1_37' title='bbox 1015 729 1272 777; x_wconf 87' lang='lat' dir='ltr'>Dederam</span> <span class='ocrx_word' id='word_1_38' title='bbox 1299 747 1379 777; x_wconf 90' lang='lat' dir='ltr'>me</span> <span class='ocrx_word' id='word_1_39' title='bbox 1405 729 1624 777; x_wconf 84' lang='lat' dir='ltr'>orationi</span> <span class='ocrx_word' id='word_1_40' title='bbox 1650 746 1766 776; x_wconf 86' lang='grc'><strong>011111</strong></span> 
     </span>
     <span class='ocr_line' id='line_1_7' title="bbox 286 815 1765 879; baseline -0.001 -15"><span class='ocrx_word' id='word_1_41' title='bbox 286 833 427 864; x_wconf 87' lang='lat' dir='ltr'>mare</span> <span class='ocrx_word' id='word_1_42' title='bbox 458 815 665 863; x_wconf 74' lang='lat' dir='ltr'>saeviret</span> <span class='ocrx_word' id='word_1_43' title='bbox 701 815 940 876; x_wconf 70' lang='lat' dir='ltr'>maxime,</span> <span class='ocrx_word' id='word_1_44' title='bbox 968 820 1018 864; x_wconf 91' lang='lat' dir='ltr'>et</span> <span class='ocrx_word' id='word_1_45' title='bbox 1049 817 1205 879; x_wconf 83' lang='lat' dir='ltr'>(quod</span> <span class='ocrx_word' id='word_1_46' title='bbox 1239 818 1303 864; x_wconf 86' lang='lat' dir='ltr'>ad</span> <span class='ocrx_word' id='word_1_47' title='bbox 1342 815 1437 864; x_wconf 84' lang='lat' dir='ltr'>Dei</span> <span class='ocrx_word' id='word_1_48' title='bbox 1464 815 1618 864; x_wconf 88' lang='lat' dir='ltr'>unius</span> <span class='ocrx_word' id='word_1_49' title='bbox 1646 815 1765 862; x_wconf 80' lang='lat' dir='ltr'>Glo-</span> 
     </span>
     <span class='ocr_line' id='line_1_8' title="bbox 285 901 1768 966; baseline -0.001 -16"><span class='ocrx_word' id='word_1_50' title='bbox 285 903 417 950; x_wconf 90' lang='lat' dir='ltr'>riam</span> <span class='ocrx_word' id='word_1_51' title='bbox 465 903 630 966; x_wconf 81' lang='lat' dir='ltr'>cedat)</span> <span class='ocrx_word' id='word_1_52' title='bbox 686 901 901 949; x_wconf 74' lang='lat' dir='ltr'>vixdum</span> <span class='ocrx_word' id='word_1_53' title='bbox 950 918 1063 949; x_wconf 88' lang='lat' dir='ltr'>eam</span> <span class='ocrx_word' id='word_1_54' title='bbox 1111 902 1361 962; x_wconf 91' lang='lat' dir='ltr'>finieram,</span> <span class='ocrx_word' id='word_1_55' title='bbox 1412 903 1528 950; x_wconf 79' lang='lat' dir='ltr'>eum</span> <span class='ocrx_word' id='word_1_56' title='bbox 1577 902 1768 950; x_wconf 85' lang='lat' dir='ltr'>sedisse</span> 
     </span>
     <span class='ocr_line' id='line_1_9' title="bbox 286 988 1768 1051; baseline -0.001 -14"><span class='ocrx_word' id='word_1_57' title='bbox 286 988 772 1037; x_wconf 84' lang='lat' dir='ltr'>animadvertebant</span> <span class='ocrx_word' id='word_1_58' title='bbox 818 992 1195 1051; x_wconf 67' lang='lat' dir='ltr'>tempestatem.</span> <span class='ocrx_word' id='word_1_59' title='bbox 1285 989 1349 1036; x_wconf 86' lang='lat' dir='ltr'>Id</span> <span class='ocrx_word' id='word_1_60' title='bbox 1396 988 1588 1036; x_wconf 76' lang='lat' dir='ltr'>seilicet</span> <span class='ocrx_word' id='word_1_61' title='bbox 1636 1005 1768 1035; x_wconf 75' lang='lat' dir='ltr'>novo</span> 
     </span>
     <span class='ocr_line' id='line_1_10' title="bbox 286 1072 1769 1138; baseline -0.001 -17"><span class='ocrx_word' id='word_1_62' title='bbox 286 1076 509 1138; x_wconf 84' lang='lat' dir='ltr'>quodam</span> <span class='ocrx_word' id='word_1_63' title='bbox 536 1090 617 1121; x_wconf 91' lang='lat' dir='ltr'>me</span> <span class='ocrx_word' id='word_1_64' title='bbox 642 1072 813 1121; x_wconf 88' lang='lat' dir='ltr'>induit</span> <span class='ocrx_word' id='word_1_65' title='bbox 842 1073 1024 1120; x_wconf 85' lang='lat' dir='ltr'>habitu</span> <span class='ocrx_word' id='word_1_66' title='bbox 1051 1072 1226 1133; x_wconf 87' lang='lat' dir='ltr'>animi,</span> <span class='ocrx_word' id='word_1_67' title='bbox 1254 1073 1583 1137; x_wconf 82' lang='lat' dir='ltr'>perfuditque</span> <span class='ocrx_word' id='word_1_68' title='bbox 1614 1072 1769 1120; x_wconf 84' lang='lat' dir='ltr'>simul</span> 
     </span>
     <span class='ocr_line' id='line_1_11' title="bbox 286 1158 1769 1224; baseline -0.001 -16"><span class='ocrx_word' id='word_1_69' title='bbox 286 1160 474 1224; x_wconf 78' lang='lat' dir='ltr'>gaudio</span> <span class='ocrx_word' id='word_1_70' title='bbox 500 1158 699 1223; x_wconf 73' lang='lat' dir='ltr'>ingenti</span> <span class='ocrx_word' id='word_1_71' title='bbox 725 1163 775 1206; x_wconf 88' lang='lat' dir='ltr'>et</span> <span class='ocrx_word' id='word_1_72' title='bbox 804 1159 1160 1219; x_wconf 76' lang='lat' dir='ltr'>admiratione,</span> <span class='ocrx_word' id='word_1_73' title='bbox 1188 1160 1305 1207; x_wconf 82' lang='lat' dir='ltr'>eum</span> <span class='ocrx_word' id='word_1_74' title='bbox 1339 1159 1644 1223; x_wconf 81' lang='lat' dir='ltr'>impensam,</span> <span class='ocrx_word' id='word_1_75' title='bbox 1674 1159 1769 1206; x_wconf 86' lang='lat' dir='ltr'>Dei</span> 
     </span>
     <span class='ocr_line' id='line_1_12' title="bbox 286 1246 1770 1311; baseline -0.001 -16"><span class='ocrx_word' id='word_1_76' title='bbox 286 1249 339 1295; x_wconf 90' lang='lat' dir='ltr'>in</span> <span class='ocrx_word' id='word_1_77' title='bbox 368 1246 716 1311; x_wconf 64' lang='lat' dir='ltr'>Marylandize</span> <span class='ocrx_word' id='word_1_78' title='bbox 748 1246 981 1309; x_wconf 85' lang='lat' dir='ltr'>populos,</span> <span class='ocrx_word' id='word_1_79' title='bbox 1009 1247 1330 1294; x_wconf 86' lang='lat' dir='ltr'>voluntatem</span> <span class='ocrx_word' id='word_1_80' title='bbox 1364 1247 1449 1311; x_wconf 89' lang='lat' dir='ltr'>(ad</span> <span class='ocrx_word' id='word_1_81' title='bbox 1480 1263 1605 1310; x_wconf 81' lang='lat' dir='ltr'>quos</span> <span class='ocrx_word' id='word_1_82' title='bbox 1639 1247 1770 1293; x_wconf 58' lang='lat' dir='ltr'>Revst</span> 
     </span>
     <span class='ocr_line' id='line_1_13' title="bbox 286 1332 1767 1396; baseline -0.001 -14"><span class='ocrx_word' id='word_1_83' title='bbox 286 1335 355 1382; x_wconf 76' lang='lat' dir='ltr'>Va</span> <span class='ocrx_word' id='word_1_84' title='bbox 399 1350 489 1381; x_wconf 90' lang='lat' dir='ltr'>nos</span> <span class='ocrx_word' id='word_1_85' title='bbox 540 1332 701 1396; x_wconf 89' lang='lat' dir='ltr'>misit)</span> <span class='ocrx_word' id='word_1_86' title='bbox 755 1333 897 1380; x_wconf 89' lang='lat' dir='ltr'>haud</span> <span class='ocrx_word' id='word_1_87' title='bbox 938 1333 1094 1396; x_wconf 75' lang='lat' dir='ltr'>paulo</span> <span class='ocrx_word' id='word_1_88' title='bbox 1143 1332 1368 1396; x_wconf 78' lang='lat' dir='ltr'>amplius</span> <span class='ocrx_word' id='word_1_89' title='bbox 1412 1332 1767 1396; x_wconf 85' lang='lat' dir='ltr'>persentirem.</span> 
     </span>
     <span class='ocr_line' id='line_1_14' title="bbox 289 1418 1772 1482; baseline -0.003 -13"><span class='ocrx_word' id='word_1_90' title='bbox 289 1419 603 1469; x_wconf 75' lang='lat' dir='ltr'>Dulcissima</span> <span class='ocrx_word' id='word_1_91' title='bbox 649 1418 1012 1482; x_wconf 84' lang='lat' dir='ltr'>Redemptoris</span> <span class='ocrx_word' id='word_1_92' title='bbox 1061 1418 1239 1466; x_wconf 90' lang='lat' dir='ltr'>Nostri</span> <span class='ocrx_word' id='word_1_93' title='bbox 1288 1418 1503 1466; x_wconf 77' lang='lat' dir='ltr'>Bonitas</span> <span class='ocrx_word' id='word_1_94' title='bbox 1545 1420 1595 1466; x_wconf 71' lang='lat' dir='ltr'>in</span> <span class='ocrx_word' id='word_1_95' title='bbox 1642 1423 1772 1466; x_wconf 65' lang='lat' dir='ltr'>(eter-</span> 
     </span>
     <span class='ocr_line' id='line_1_15' title="bbox 288 1506 690 1554; baseline -0.005 0"><span class='ocrx_word' id='word_1_96' title='bbox 288 1523 403 1554; x_wconf 66' lang='lat' dir='ltr'>num</span> <span class='ocrx_word' id='word_1_97' title='bbox 429 1506 652 1554; x_wconf 68' lang='lat' dir='ltr'>laudetur</span> <span class='ocrx_word' id='word_1_98' title='bbox 671 1508 690 1553; x_wconf 78' lang='lat' dir='ltr'><em>J</em></span> 
     </span>
    </p>

    <p class='ocr_par' dir='ltr' id='par_1_3' title="bbox 282 1590 1771 2604">
     <span class='ocr_line' id='line_1_16' title="bbox 354 1590 1770 1653; baseline -0.001 -13"><span class='ocrx_word' id='word_1_99' title='bbox 354 1592 483 1640; x_wconf 83' lang='lat' dir='ltr'>Cum</span> <span class='ocrx_word' id='word_1_100' title='bbox 520 1592 592 1640; x_wconf 73' lang='lat' dir='ltr'>ita</span> <span class='ocrx_word' id='word_1_101' title='bbox 618 1590 957 1639; x_wconf 82' lang='lat' dir='ltr'>deferbuisset</span> <span class='ocrx_word' id='word_1_102' title='bbox 985 1591 1096 1653; x_wconf 76' lang='lat' dir='ltr'>jam</span> <span class='ocrx_word' id='word_1_103' title='bbox 1130 1609 1288 1652; x_wconf 90' lang='lat' dir='ltr'>maro,</span> <span class='ocrx_word' id='word_1_104' title='bbox 1316 1591 1476 1640; x_wconf 88' lang='lat' dir='ltr'>trium</span> <span class='ocrx_word' id='word_1_105' title='bbox 1514 1590 1770 1639; x_wconf 83' lang='lat' dir='ltr'>mensium</span> 
     </span>
     <span class='ocr_line' id='line_1_17' title="bbox 290 1678 1767 1745; baseline -0.002 -16"><span class='ocrx_word' id='word_1_106' title='bbox 290 1680 553 1745; x_wconf 74' lang='lat' dir='ltr'>navigatio</span> <span class='ocrx_word' id='word_1_107' title='bbox 583 1679 937 1744; x_wconf 76' lang='lat' dir='ltr'>placidissima</span> <span class='ocrx_word' id='word_1_108' title='bbox 962 1679 1074 1739; x_wconf 79' lang='lat' dir='ltr'>fuit,</span> <span class='ocrx_word' id='word_1_109' title='bbox 1104 1683 1160 1727; x_wconf 92' lang='lat' dir='ltr'>ut</span> <span class='ocrx_word' id='word_1_110' title='bbox 1185 1680 1476 1727; x_wconf 73' lang='lat' dir='ltr'>navarchus</span> <span class='ocrx_word' id='word_1_111' title='bbox 1504 1696 1619 1726; x_wconf 88' lang='grc'><strong>011111</strong></span> <span class='ocrx_word' id='word_1_112' title='bbox 1647 1678 1767 1738; x_wconf 84' lang='grc'><strong>51115,</strong></span> 
     </span>
     <span class='ocr_line' id='line_1_18' title="bbox 282 1764 1769 1831; baseline -0.003 -17"><span class='ocrx_word' id='word_1_113' title='bbox 282 1766 646 1831; x_wconf 76' lang='lat' dir='ltr'>jucundiorem</span> <span class='ocrx_word' id='word_1_114' title='bbox 688 1782 740 1813; x_wconf 89' lang='grc'>50</span> <span class='ocrx_word' id='word_1_115' title='bbox 779 1764 971 1813; x_wconf 85' lang='lat' dir='ltr'>vidisse</span> <span class='ocrx_word' id='word_1_116' title='bbox 1011 1782 1293 1829; x_wconf 81' lang='lat' dir='ltr'>nunquam,</span> <span class='ocrx_word' id='word_1_117' title='bbox 1333 1770 1423 1813; x_wconf 89' lang='lat' dir='ltr'>aut</span> <span class='ocrx_word' id='word_1_118' title='bbox 1465 1764 1769 1829; x_wconf 78' lang='lat' dir='ltr'>quietiorem</span> 
     </span>
     <span class='ocr_line' id='line_1_19' title="bbox 290 1849 1770 1914; baseline -0.003 -14"><span class='ocrx_word' id='word_1_119' title='bbox 290 1851 689 1901; x_wconf 79' lang='lat' dir='ltr'>asseveraverit:</span> <span class='ocrx_word' id='word_1_120' title='bbox 730 1867 892 1914; x_wconf 83' lang='lat' dir='ltr'>neque</span> <span class='ocrx_word' id='word_1_121' title='bbox 918 1850 1055 1898; x_wconf 86' lang='lat' dir='ltr'>enim</span> <span class='ocrx_word' id='word_1_122' title='bbox 1083 1850 1236 1898; x_wconf 92' lang='lat' dir='ltr'>unius</span> <span class='ocrx_word' id='word_1_123' title='bbox 1261 1851 1401 1898; x_wconf 68' lang='lat' dir='ltr'>hora)</span> <span class='ocrx_word' id='word_1_124' title='bbox 1428 1849 1565 1913; x_wconf 84' lang='lat' dir='ltr'>passi</span> <span class='ocrx_word' id='word_1_125' title='bbox 1592 1866 1770 1897; x_wconf 86' lang='lat' dir='ltr'>sumus</span> 
     </span>
     <span class='ocr_line' id='line_1_20' title="bbox 289 1936 1769 1996; baseline -0.003 -10"><span class='ocrx_word' id='word_1_126' title='bbox 289 1939 687 1987; x_wconf 77' lang='lat' dir='ltr'>incommodum.</span> <span class='ocrx_word' id='word_1_127' title='bbox 759 1937 888 1984; x_wconf 74' lang='lat' dir='ltr'>Cum</span> <span class='ocrx_word' id='word_1_128' title='bbox 917 1938 1035 1984; x_wconf 74' lang='lat' dir='ltr'>vero</span> <span class='ocrx_word' id='word_1_129' title='bbox 1061 1941 1163 1985; x_wconf 87' lang='lat' dir='ltr'>tres</span> <span class='ocrx_word' id='word_1_130' title='bbox 1190 1953 1390 1985; x_wconf 88' lang='lat' dir='ltr'>menses</span> <span class='ocrx_word' id='word_1_131' title='bbox 1417 1936 1639 1996; x_wconf 88' lang='lat' dir='ltr'>nomino,</span> <span class='ocrx_word' id='word_1_132' title='bbox 1668 1952 1769 1982; x_wconf 88' lang='grc'><strong>11011</strong></span> 
     </span>
     <span class='ocr_line' id='line_1_21' title="bbox 291 2022 1770 2086; baseline -0.003 -13"><span class='ocrx_word' id='word_1_133' title='bbox 291 2025 401 2073; x_wconf 80' lang='lat' dir='ltr'>dieo</span> <span class='ocrx_word' id='word_1_134' title='bbox 430 2041 520 2072; x_wconf 92' lang='lat' dir='ltr'>nos</span> <span class='ocrx_word' id='word_1_135' title='bbox 557 2023 757 2072; x_wconf 83' lang='lat' dir='ltr'>tamdiu</span> <span class='ocrx_word' id='word_1_136' title='bbox 794 2040 935 2071; x_wconf 88' lang='lat' dir='ltr'>mare</span> <span class='ocrx_word' id='word_1_137' title='bbox 960 2023 1223 2083; x_wconf 83' lang='lat' dir='ltr'>insedisse,</span> <span class='ocrx_word' id='word_1_138' title='bbox 1251 2025 1339 2072; x_wconf 91' lang='lat' dir='ltr'>sed</span> <span class='ocrx_word' id='word_1_139' title='bbox 1376 2023 1472 2071; x_wconf 85' lang='lat' dir='ltr'>iter</span> <span class='ocrx_word' id='word_1_140' title='bbox 1509 2022 1770 2086; x_wconf 77' lang='lat' dir='ltr'>integrum</span> 
     </span>
     <span class='ocr_line' id='line_1_22' title="bbox 291 2107 1770 2175; baseline -0.003 -16"><span class='ocrx_word' id='word_1_141' title='bbox 291 2116 340 2159; x_wconf 90' lang='lat' dir='ltr'>et</span> <span class='ocrx_word' id='word_1_142' title='bbox 375 2126 545 2158; x_wconf 87' lang='lat' dir='ltr'>moras</span> <span class='ocrx_word' id='word_1_143' title='bbox 583 2126 709 2175; x_wconf 77' lang='lat' dir='ltr'>quas</span> <span class='ocrx_word' id='word_1_144' title='bbox 748 2108 800 2156; x_wconf 91' lang='grc'>111</span> <span class='ocrx_word' id='word_1_145' title='bbox 839 2108 1035 2156; x_wconf 85' lang='lat' dir='ltr'>antillis</span> <span class='ocrx_word' id='word_1_146' title='bbox 1076 2109 1270 2156; x_wconf 82' lang='lat' dir='ltr'>Insulis</span> <span class='ocrx_word' id='word_1_147' title='bbox 1308 2107 1575 2164; x_wconf 80' lang='lat' dir='ltr'>traximus,</span> <span class='ocrx_word' id='word_1_148' title='bbox 1615 2108 1770 2155; x_wconf 89' lang='lat' dir='ltr'>adnu-</span> 
     </span>
     <span class='ocr_line' id='line_1_23' title="bbox 290 2194 1768 2258; baseline -0.003 -14"><span class='ocrx_word' id='word_1_149' title='bbox 290 2214 445 2245; x_wconf 89' lang='lat' dir='ltr'>mero.</span> <span class='ocrx_word' id='word_1_150' title='bbox 518 2194 795 2258; x_wconf 72' lang='lat' dir='ltr'>Navigatio</span> <span class='ocrx_word' id='word_1_151' title='bbox 826 2194 963 2242; x_wconf 89' lang='lat' dir='ltr'>enim</span> <span class='ocrx_word' id='word_1_152' title='bbox 1000 2195 1113 2258; x_wconf 81' lang='lat' dir='ltr'>ipsa</span> <span class='ocrx_word' id='word_1_153' title='bbox 1150 2200 1345 2258; x_wconf 82' lang='lat' dir='ltr'>septem</span> <span class='ocrx_word' id='word_1_154' title='bbox 1384 2194 1768 2252; x_wconf 81' lang='lat' dir='ltr'>Hebdomadas,</span> 
     </span>
     <span class='ocr_line' id='line_1_24' title="bbox 291 2280 1771 2342; baseline -0.005 -10"><span class='ocrx_word' id='word_1_155' title='bbox 291 2288 340 2332; x_wconf 88' lang='lat' dir='ltr'>et</span> <span class='ocrx_word' id='word_1_156' title='bbox 388 2285 514 2331; x_wconf 89' lang='lat' dir='ltr'>duos</span> <span class='ocrx_word' id='word_1_157' title='bbox 573 2281 895 2329; x_wconf 77' lang='lat' dir='ltr'>solummodo</span> <span class='ocrx_word' id='word_1_158' title='bbox 943 2280 1051 2328; x_wconf 89' lang='lat' dir='ltr'>dies</span> <span class='ocrx_word' id='word_1_159' title='bbox 1098 2280 1278 2341; x_wconf 83' lang='lat' dir='ltr'>tenuit,</span> <span class='ocrx_word' id='word_1_160' title='bbox 1328 2280 1482 2342; x_wconf 76' lang='lat' dir='ltr'>idque</span> <span class='ocrx_word' id='word_1_161' title='bbox 1535 2282 1771 2326; x_wconf 81' lang='lat' dir='ltr'>censetur</span> 
     </span>
     <span class='ocr_line' id='line_1_25' title="bbox 296 2366 789 2432; baseline -0.004 -15"><span class='ocrx_word' id='word_1_162' title='bbox 296 2369 433 2432; x_wconf 81' lang='lat' dir='ltr'>(iter)</span> <span class='ocrx_word' id='word_1_163' title='bbox 476 2366 789 2430; x_wconf 80' lang='lat' dir='ltr'>expeditum.</span> 
     </span>
     <span class='ocr_line' id='line_1_26' title="bbox 307 2450 1769 2517; baseline -0.003 -16"><span class='ocrx_word' id='word_1_164' title='bbox 307 2494 313 2501; x_wconf 87' lang='lat'><em>.</em></span> <span class='ocrx_word' id='word_1_165' title='bbox 358 2457 443 2503; x_wconf 87' lang='lat' dir='ltr'>Ab</span> <span class='ocrx_word' id='word_1_166' title='bbox 482 2472 538 2503; x_wconf 89' lang='lat' dir='ltr'>eo</span> <span class='ocrx_word' id='word_1_167' title='bbox 578 2454 737 2517; x_wconf 77' lang='lat' dir='ltr'>igitur</span> <span class='ocrx_word' id='word_1_168' title='bbox 774 2458 1020 2516; x_wconf 83' lang='lat' dir='ltr'>tempore,</span> <span class='ocrx_word' id='word_1_169' title='bbox 1061 2454 1265 2516; x_wconf 77' lang='lat' dir='ltr'>quando</span> <span class='ocrx_word' id='word_1_170' title='bbox 1304 2452 1451 2500; x_wconf 80' lang='lat' dir='ltr'>littus</span> <span class='ocrx_word' id='word_1_171' title='bbox 1496 2450 1769 2514; x_wconf 73' lang='lat' dir='ltr'>Hispaniae</span> 
     </span>
     <span class='ocr_line' id='line_1_27' title="bbox 291 2536 1769 2604; baseline -0.004 -16"><span class='ocrx_word' id='word_1_172' title='bbox 291 2541 603 2604; x_wconf 76' lang='lat' dir='ltr'>legebamus,</span> <span class='ocrx_word' id='word_1_173' title='bbox 640 2554 803 2602; x_wconf 80' lang='lat' dir='ltr'>neque</span> <span class='ocrx_word' id='word_1_174' title='bbox 841 2539 1071 2598; x_wconf 84' lang='lat' dir='ltr'>adverso,</span> <span class='ocrx_word' id='word_1_175' title='bbox 1100 2554 1263 2601; x_wconf 81' lang='lat' dir='ltr'>neque</span> <span class='ocrx_word' id='word_1_176' title='bbox 1300 2542 1452 2584; x_wconf 70' lang='lat' dir='ltr'>vento</span> <span class='ocrx_word' id='word_1_177' title='bbox 1489 2536 1769 2584; x_wconf 79' lang='lat' dir='ltr'>admodiun</span> 
     </span>
    </p>
   </div>
  </div>
 </body>
</html>
