1986 3292
962 202 1024 249 31

259 347 394 409 quod
432 363 610 394 verum
652 348 800 411 (esse)
840 351 1015 410 postca
1042 346 1238 410 experti
1272 363 1464 395 sumus.
1539 346 1738 393 Rumor

258 436 448 491 tamen,
478 448 671 490 vereor,
699 432 764 479 ab
791 430 959 494 anglis
986 436 1157 478 ortum
1184 431 1381 479 habuit.

327 517 452 564 Post
489 521 598 564 octo
639 516 720 563 vel
767 532 951 563 novem
993 515 1194 564 dierum
1234 516 1511 579 benignam
1555 520 1739 564 tracta-

258 604 466 662 tionem,
506 603 657 651 tertio
702 602 884 650 Martii
924 602 1039 650 vela
1081 602 1339 662 facientes,
1382 607 1432 650 et
1472 602 1525 650 in
1567 601 1738 649 sinum

261 690 524 753 Cosopeak
579 689 922 753 (Chesapeak)
976 688 1167 736 invecti
1216 705 1424 737 cursum
1473 690 1539 737 ad
1598 688 1739 752 aqui-

259 774 429 822 lonem
467 773 785 833 defleximus,
815 778 872 821 ut
907 773 1067 821 fluvio
1106 774 1403 822 Patomeaolc
1438 773 1739 837 potiremur.

260 860 414 908 Sinus
458 860 787 924 Chesopeack
835 860 971 908 latus
1015 862 1189 908 decem
1233 861 1403 909 leucas
1453 862 1538 925 (30
1579 859 1741 908 Milli-

261 946 369 994 aria
395 946 597 1010 Italica)
629 946 830 1010 placide
856 946 991 994 inter
1015 946 1192 994 littora
1216 946 1425 1007 labitur,
1453 947 1741 1010 profundus

261 1036 495 1096 quatuor,
537 1031 780 1096 quinque,
820 1049 907 1080 sex
942 1032 1130 1097 orgyis,
1172 1032 1413 1096 piscibus,
1449 1032 1566 1080 cum
1604 1032 1744 1079 favet

259 1135 440 1178 annus,
490 1123 716 1166 scatens:
776 1119 1138 1182 jucundiorem
1199 1120 1343 1183 mque
1399 1119 1606 1182 lapsum
1654 1117 1742 1166 vix

260 1204 508 1253 invenies.
615 1204 763 1253 Cedit
820 1209 993 1253 tamen
1053 1205 1217 1253 fluvio
1278 1206 1605 1265 Patomeack,
1662 1204 1743 1252 cui

261 1307 447 1339 nomen
489 1292 517 1339 a
559 1291 626 1338 S‘0
670 1290 918 1355 Gregorio
957 1290 1258 1340 indidimus.

328 1376 359 1424 J
365 1378 446 1424 am
480 1378 655 1441 optata
692 1377 841 1441 potiti
876 1377 1097 1441 regione,
1127 1377 1357 1441 nomina,
1385 1394 1478 1441 pro
1514 1394 1569 1425 re
1606 1378 1741 1435 nat-21,

262 1462 715 1511 distribuebamus.
788 1463 857 1511 Et
895 1463 1103 1526 quidem
1145 1462 1564 1511 Promontorium
1607 1464 1744 1527 quod

261 1554 337 1598 est
373 1551 438 1598 ad
476 1554 727 1610 austrum,
766 1549 919 1598 titulo
962 1551 1011 1599 S.
1053 1551 1290 1615 (riregorii
1330 1551 1742 1599 consecravimus

269 1637 425 1700 (nunc
461 1635 632 1684 Smith
668 1636 834 1701 point)
874 1636 1189 1701 aquilonare,
1217 1638 1285 1685 S‘0
1312 1638 1543 1686 Miohaeli
1587 1639 1743 1702 (nunc

264 1721 420 1770 Point
467 1722 723 1787 Lookout)
772 1722 824 1770 111
870 1723 1114 1771 honorem
1159 1723 1391 1772 omnium
1440 1725 1741 1788 angelorum

262 1808 614 1873 indigitantes.
709 1809 898 1872 Majus,
935 1809 1285 1872 jucundiusve
1327 1809 1522 1858 fiumen
1569 1810 1744 1873 aspexi

265 1897 546 1960 nunquam.
619 1896 886 1944 Thamesis
929 1895 1006 1943 illi
1046 1901 1373 1959 comparatus
1417 1896 1504 1944 vix
1542 1897 1745 1944 rivulus

264 1982 430 2032 videri
455 1987 653 2048 potest:
691 1983 848 2031 nullis
874 1983 1101 2031 inficitur
1134 1984 1428 2047 paludibus,
1457 1986 1546 2032 sed
1581 1984 1746 2032 solida

266 2069 508 2134 utrinque
540 2074 706 2129 terra3
746 2075 1025 2133 assurgunt
1050 2071 1284 2118 decentes
1315 2071 1555 2118 arborum
1584 2070 1746 2135 sylvze

268 2171 368 2203 non
412 2155 599 2204 clausa}
639 2155 878 2219 vepretis,
913 2158 992 2203 vel
1036 2156 1465 2204 subnascentibus
1508 2155 1744 2216 surculis,

267 2243 357 2290 sed
392 2243 539 2306 quasi
565 2259 723 2290 manu
760 2243 877 2290 laxa
902 2242 1126 2302 consitae,
1155 2247 1211 2290 ut
1248 2242 1407 2290 libere
1438 2242 1746 2306 quadrigam

268 2329 402 2378 inter
427 2329 623 2378 medias
660 2330 867 2378 arbores
904 2329 1099 2393 agitare
1136 2329 1315 2392 possis.
1389 2330 1450 2377 In
1481 2329 1592 2393 ipso
1619 2330 1747 2378 ostio

269 2415 501 2463 fluminis
527 2420 751 2464 armatos
778 2416 1047 2479 indigenas
1073 2415 1448 2479 conspeximus.
1500 2417 1577 2464 Ea
1603 2423 1747 2465 nocte

270 2503 415 2567 ignes
438 2504 559 2561 ‚tota
583 2502 789 2567 regione
815 2507 1078 2562 arserunt3
1117 2507 1167 2551 ct
1202 2503 1445 2567 quoniam
1483 2506 1747 2568 nunquam
