1986 3292
963 228 1026 276 35

325 375 541 423 Interim
582 374 706 421 ditm
750 373 1029 420 Praefectus
1072 372 1209 433 apud
1260 371 1633 433 Imperatorem
1678 366 1731 413 in

258 461 441 509 itinero
466 463 555 518 est,
583 456 803 506 Barbari
830 457 894 504 ad
931 455 1036 502 ΞΜ]
1063 455 1380 503 Clementem
1408 452 1733 502 audentiores

258 545 391 605 facti,
419 561 471 591 se
507 542 754 605 vigilibus
794 540 982 588 nostris
1020 539 1327 587 familiarius
1367 539 1731 587 admiscebant.

259 630 516 679 Excubias
554 628 691 676 enim
727 626 955 674 interdiu
989 630 1242 689 noctuque
1276 626 1570 688 agebamus,
1605 624 1733 682 tum,

258 721 314 764 ut
360 715 639 778 lignatores
688 715 902 771 nostros,
946 710 1059 757 tum
1109 715 1166 757 ut
1213 709 1520 773 aphractum
1564 724 1731 772 quem,

258 801 449 850 tabulis
491 799 745 862 costisque
786 796 1011 856 solutim,
1056 796 1290 856 allatum,
1334 795 1733 852 {edificabamus,

260 890 323 937 ab
371 886 670 951 repentibus
728 882 1008 932 insultibus
1055 886 1359 931 tutaremur.
1463 878 1737 943 Voluptati

259 979 369 1023 crat
394 973 573 1022 audire
599 970 916 1020 admirantes
942 968 1176 1032 singula3
1214 967 1268 1016 in
1294 967 1493 1031 primis,
1522 966 1736 1014 ubinam

258 1068 520 1110 terrarum
557 1063 703 1107 tanta
739 1057 892 1105 arbor
916 1053 1224 1103 excrevisset
1260 1070 1320 1102 ex
1357 1054 1471 1117 qua,
1498 1053 1606 1101 tam
1642 1051 1736 1098 im-

260 1164 438 1196 mensa
496 1145 656 1193 moles
715 1142 863 1190 navis
912 1140 1267 1190 dedolaretur:
1329 1139 1551 1187 excisam
1599 1137 1737 1185 enim

262 1232 650 1282 arbitrabantur
689 1245 841 1293 quem
884 1227 1165 1275 admodum
1209 1225 1403 1273 Indicae
1441 1225 1640 1283 Canoee,
1679 1239 1740 1270 ex

263 1336 365 1368 uno
423 1317 595 1381 aliquo
655 1313 851 1363 arboris
910 1316 1103 1360 trunco.
1209 1311 1485 1359 Tormenta
1544 1309 1740 1372 majora

263 1404 506 1454 attonitos
554 1417 730 1450 omnes
783 1399 1061 1457 tenebant,
1118 1397 1257 1445 haud
1316 1396 1493 1460 paullo
1548 1394 1741 1459 quippe

262 1490 520 1540 vocaliora
544 1491 690 1536 erant
726 1484 961 1534 stridulis
997 1483 1229 1548 ipsorum
1264 1484 1498 1544 arcubus,
1526 1488 1576 1531 et
1612 1481 1741 1529 toni-

263 1583 380 1626 truo
416 1575 580 1640 paria.
1063 1572 1065 1574 ’

332 1663 628 1721 Praefectus,
655 1659 849 1707 socium
887 1656 1086 1705 itineris
1124 1656 1432 1705 adhibuerat
1468 1657 1534 1704 ad
1571 1655 1741 1718 Impe-

264 1755 488 1798 ratorem
536 1747 803 1796 Henriczcm
853 1744 1000 1803 Fleet,
1043 1742 1382 1806 Capitaneum
1434 1759 1494 1790 ex
1544 1741 1607 1789 iis
1655 1740 1744 1804 qui

265 1838 318 1884 in
344 1834 586 1899 Virgini-a
619 1835 1028 1881 commorantur:
1068 1830 1331 1879 hominem
1369 1830 1615 1879 Barbaris
1649 1830 1742 1877 im-

266 1922 450 1987 primis
497 1923 720 1984 gratum,
770 1922 821 1966 et
867 1916 1063 1980 linguae
1110 1916 1443 1981 locorumque
1501 1916 1743 1980 peritum.

269 2009 371 2057 Hic
424 2006 572 2055 initio
621 2003 767 2052 nobis
827 2002 1210 2067 perfamiliaris,
1260 2003 1445 2052 deinde
1498 2004 1748 2067 Clayborm‘

269 2095 537 2159 cujusdam
572 2089 796 2139 sinistris
830 2090 1071 2137 seductus
1097 2089 1339 2150 consiliis,
1367 2087 1746 2138 infensissimus

270 2182 492 2240 effectus,
523 2177 887 2241 indigenarum
925 2174 1140 2236 animos,
1168 2176 1269 2239 qua
1305 2180 1415 2223 arte
1450 2179 1632 2239 potest,
1660 2175 1745 2222 ad-

271 2267 478 2315 versum
518 2280 608 2312 nos
647 2261 893 2310 accendit.
966 2260 1185 2308 Interim
1222 2265 1412 2321 tamen,
1452 2261 1573 2309 dum
1613 2259 1748 2306 inter

273 2368 363 2400 nos
423 2349 617 2399 amicus
666 2351 853 2411 ageret,
904 2347 1077 2394 sedem
1137 2346 1385 2395 Przefecto
1440 2344 1751 2393 monstravit
