1986 3292
1009 241 1074 289 60

297 387 562 450 susceptisf,
603 387 705 434 una-
741 385 941 433 circiter
978 385 1096 431 ante
1134 384 1333 431 obitum
1372 384 1512 443 hora,
1553 380 1774 431 Catholi-

299 491 415 521 cum
464 477 753 520 curatorem
799 487 950 518 suum
998 470 1204 533 rogavit
1251 476 1308 518 ut
1355 487 1447 533 pro
1496 487 1548 518 se
1596 472 1779 517 oraret.

300 557 557 606 Credibile
583 561 659 604 est
689 556 887 603 malum
913 555 964 602 in
992 555 1256 618 Angelum
1283 572 1336 603 se
1362 555 1782 619 conspiciendum

302 643 609 708 praebuisse;
649 643 768 690 nam
797 643 848 690 in
887 642 998 706 ipso
1029 643 1158 705 pene
1189 642 1370 690 mortis
1403 642 1634 702 articulo,
1662 632 1783 690 eun-

301 732 418 778 dem
456 745 642 776 vocans
679 733 983 787 curatorem,
1013 727 1170 776 alacri
1207 744 1329 775 voce
1366 727 1524 776 dixit:
1565 732 1780 774 “nonne

302 815 446 862 rides
490 813 733 876 angelum
782 830 953 861 meum
1004 814 1238 861 bonum?
1326 813 1435 860 En!
1491 813 1567 861 uti
1615 814 1787 861 adstat

304 917 385 948 me
433 905 822 963 asportaturus:
879 901 1175 947 abeundum
1225 899 1354 947 mihi
1403 899 1527 948 est.”
1611 899 1786 962 Atque

302 986 374 1034 ita
410 985 610 1033 felicem
654 985 751 1049 (uti
795 1001 1003 1048 sperare
1044 986 1120 1033 fas
1159 986 1254 1049 est)
1299 984 1530 1032 animam
1568 983 1785 1047 exspiri-

305 1073 396 1125 vit.
453 1073 579 1120 Post
621 1071 961 1135 sepulturam,
1000 1071 1288 1119 clarissima
1324 1071 1413 1119 lux
1450 1075 1618 1130 noctu,
1656 1070 1789 1119 cirea

306 1160 415 1223 ejus
475 1158 754 1218 tumulum,
815 1158 970 1206 etiam
1032 1159 1061 1205 a·
1125 1157 1540 1206 Protestantibus
1599 1157 1788 1221 saepius

307 1250 577 1309 conspecta
613 1249 704 1292 est.

376 1333 517 1379 Duos
558 1335 809 1394 przeterea
844 1329 1038 1389 Gallos,
1077 1329 1289 1393 quidam
1324 1347 1385 1378 ex
1424 1329 1612 1377 nostris
1646 1329 1791 1377 extra

307 1417 572 1466 Coloniam
604 1433 877 1465 excurrens
908 1416 1152 1480 repperit,
1181 1433 1401 1480 quorum
1429 1416 1559 1464 alter
1589 1415 1789 1479 integro

306 1504 528 1553 triennio
566 1503 842 1551 Catholicae
879 1503 1122 1550 Ecclesiae
1158 1501 1493 1550 sacramentis
1530 1506 1788 1560 earuerat3

307 1592 437 1640 alter
476 1591 587 1654 jam
636 1589 790 1637 morti
837 1588 1053 1648 vicinus,
1105 1588 1399 1652 quindecim
1447 1593 1580 1636 totos
1629 1605 1790 1636 annos

307 1678 441 1725 inter
500 1675 788 1724 Haeretieos
849 1692 1020 1739 agens,
1080 1674 1245 1723 inst-ar
1303 1675 1515 1723 illorum
1574 1674 1790 1724 vixerat.

312 1764 546 1812 Priorem
588 1763 745 1811 Pater
783 1762 1118 1810 sacramentis
1152 1762 1307 1826 juvit,
1346 1767 1396 1811 et
1433 1762 1487 1810 in
1530 1762 1793 1811 Catholiea

309 1853 423 1911 fide,
474 1849 728 1914 quantum
776 1849 961 1912 potuit,
1013 1849 1354 1898 confirmavit.
1447 1848 1791 1897 Posteriorem

312 1937 556 1985 Ecclesia}
598 1936 876 1984 Catholiefe
917 1935 1211 1996 restituenS,
1252 1936 1587 1984 sacramentis
1629 1936 1792 1984 omni·

310 2025 406 2071 bus
444 2024 509 2072 ad
545 2023 673 2071 bene
711 2022 1037 2071 moriendum
1075 2021 1345 2086 disposuit.

380 2112 530 2169 Quod
568 2112 633 2159 ad
671 2110 961 2158 Catholieos
996 2109 1194 2170 attinet,
1222 2113 1660 2158 sacramentorum
1698 2109 1792 2157 fre-

312 2197 575 2261 quentatio
611 2202 758 2245 tanta
793 2197 876 2244 hio
913 2201 1002 2257 est,
1038 2202 1096 2244 ut
1134 2197 1299 2260 major
1336 2196 1471 2245 inter
1510 2197 1792 2260 Europaeos

313 2302 405 2348 pro
466 2301 680 2332 numero
729 2283 1110 2331 Catholieorum
1171 2300 1272 2330 non
1321 2283 1402 2332 sit.
1496 2283 1795 2330 Catecheses

313 2387 406 2434 pro
444 2369 743 2417 rudioribus
781 2374 831 2417 et
870 2369 1137 2418 Lectiones
1175 2368 1509 2417 Cateehetieae
1548 2385 1640 2432 pro
1679 2385 1793 2432 pro-

313 2455 625 2504 vectioribus
662 2454 854 2502 habitae
891 2454 1110 2517 singulis
1148 2453 1460 2514 Dominicis3
1502 2453 1644 2502 festis
1675 2470 1796 2502 vero

314 2541 494 2589 diebus
542 2539 806 2588 conciones
854 2541 970 2587 raro
1025 2539 1405 2602 przetermissae.
1512 2540 1699 2604 AEgros
1747 2543 1798 2588 et
