1986 3292
962 241 1026 288 39

253 387 302 430 61
338 383 512 447 sylvas
550 383 756 444 sciuros,
785 383 1029 447 perdices,
1057 383 1227 446 pullos
1258 383 1467 444 indicos,
1495 384 1728 447 ferasque

254 474 524 518 venantur.
585 470 789 517 Horum
816 469 953 518 enim
987 469 1218 517 omnium
1252 469 1433 533 ingens
1459 475 1535 518 est
1567 468 1726 532 eopia,

253 556 548 619 quanquam
592 556 821 603 nondsun
870 554 1016 602 nobis
1055 555 1154 618 ipsi
1196 555 1436 618 expedire
1483 555 1729 603 alimenta

254 645 443 689 venatu
481 642 776 701 audeamus,
816 646 957 689 metu
993 640 1314 690 insidiarum.

321 725 511 774 Domos
537 726 788 786 habitant,
816 727 952 774 ovali
978 728 1142 774 forma
1167 727 1388 791 oblonga
1412 732 1728 775 constructas

253 829 437 861 novem
481 813 562 861 vel
602 814 775 861 decem
818 815 972 877 pedes
1016 814 1162 862 altas
1236 814 1299 861 In
1343 815 1436 862 has
1479 814 1655 862 lumen
1700 815 1728 861 a

250 903 381 947 16610
408 899 702 948 admittitur
737 900 960 948 fenestra
995 899 1235 959 cubitali3
1274 900 1367 948 illa
1392 900 1548 948 etiam
1585 901 1727 948 fumo

252 985 528 1033 auferendo
554 985 784 1045 inservit,
813 987 930 1033 nam
959 985 1131 1050 ignem
1158 985 1326 1034 medio
1352 986 1404 1034 in
1430 986 1728 1050 pavimento

252 1072 537 1119 accendunt
562 1077 611 1120 et
643 1072 776 1120 eirea
800 1071 971 1136 ignem
1000 1072 1278 1122 dormiunt.
1357 1073 1524 1136 Reges
1554 1077 1727 1121 tamen

250 1160 300 1204 61
341 1156 599 1220 principes
641 1157 756 1217 viri,
800 1174 892 1206 sua
940 1158 1130 1206 habent
1173 1158 1317 1206 velut
1357 1157 1635 1218 conclavia,
1680 1162 1730 1205 et

251 1242 440 1290 lectum
477 1247 696 1306 quatuor
730 1243 907 1290 fulcris
943 1242 996 1291 in
1033 1248 1225 1292 terram
1264 1243 1473 1303 adactis,
1508 1248 1558 1292 et
1593 1260 1725 1292 asso-

248 1326 392 1375 ribus
426 1327 762 1391 superpositis
799 1327 852 1375 in
890 1333 1127 1377 stratum.
1199 1328 1335 1376 Mihi
1372 1333 1422 1377 et
1457 1328 1630 1389 Sociis,
1667 1346 1728 1377 ex

249 1413 329 1460 his
368 1413 555 1461 casulis
598 1430 701 1461 una
742 1413 939 1477 obtigit,
979 1414 1029 1461 in
1075 1415 1176 1477 qua
1214 1419 1306 1474 sat,
1345 1431 1438 1477 pro
1480 1419 1726 1478 tempore,

249 1500 512 1548 commode
561 1500 826 1560 habemur,
871 1502 1029 1548 donee
1071 1499 1287 1548 {edificia
1329 1505 1578 1564 parentur
1620 1501 1726 1548 lax—

248 1584 371 1633 iora.
443 1585 614 1645 Illam,
658 1586 887 1649 primum
931 1585 1278 1650 Marylandiae
1321 1586 1569 1634 sacellum
1618 1586 1725 1634 dix-

249 1672 364 1733 eris,
403 1674 699 1737 quanquam
738 1674 877 1721 haud
919 1674 1073 1737 paulo
1113 1673 1376 1722 (16661111115
1415 1672 1725 1721 instructum

249 1759 403 1822 quam
440 1759 556 1806 611111
594 1760 658 1807 ab
696 1759 841 1807 Indis
881 1759 1228 1807 habitabatur.
1302 1757 1545 1806 Proxima
1583 1759 1725 1806 navi-

246 1843 465 1907 gatione,
504 1843 547 1891 si
588 1844 727 1892 Deus
763 1844 945 1908 coeptis
982 1849 1191 1905 annuat,
1221 1861 1320 1891 non
1358 1844 1575 1892 deerunt
1613 1861 1725 1892 nos-

247 1930 355 1990 tris,
394 1948 508 1994 quae
545 1931 724 1979 ceteris
761 1931 813 1979 in
849 1931 1087 1980 domibus
1114 1936 1235 1979 sunt
1271 1931 1387 1979 usui
1425 1931 1725 1980 necessaria.

317 2016 472 2065 Genti
508 2016 707 2065 indoles
744 2016 970 2082 ingenua
1006 2022 1083 2065 est
1119 2022 1168 2066 et
1206 2017 1340 2077 laeta,
1380 2021 1430 2064 et
1467 2033 1582 2080 qua}
1617 2034 1726 2065 rem

247 2103 404 2166 probe
440 2103 623 2167 capiat,
662 2104 777 2151 611111
814 2104 1148 2168 proponitur3
1187 2107 1343 2167 gustu
1380 2102 1639 2151 excellunt
1675 2109 1725 2151 et

251 2190 496 2249 odoratu3
546 2190 663 2238 visu
705 2190 860 2239 etiam
905 2191 1188 2254 Europaeos
1231 2193 1492 2252 superant.
1566 2188 1724 2236 Victi-

250 2279 364 2322 tant
401 2274 706 2339 plerumque
744 2276 888 2340 pulte
925 2292 1076 2339 quem
1118 2276 1250 2323 Pone
1286 2277 1335 2321 et
1368 2275 1517 2322 omini
1552 2274 1726 2337 appel-
