1986 3292
978 243 1043 289 34

272 400 386 446 quw,
423 400 514 447 per
550 384 881 447 interpretem
916 386 1200 434 Henricum
1242 387 1401 447 Fleet,
1429 387 1600 451 (plura
1626 386 1746 434 vide

275 472 337 518 de
385 470 481 519 isto
530 472 653 533 Pag.
704 473 804 533 35.)
854 473 916 519 de
963 472 1238 534 gentilium
1281 473 1540 521 erroribus
1589 472 1750 536 expli-

274 556 425 616 canti,
458 556 678 604 libenter
709 573 857 604 aures
895 557 1064 617 dabat,
1101 574 1218 605 suos
1252 558 1535 606 identidem
1571 574 1753 621 agnos—

274 659 419 690 cens:
460 646 616 705 utque
654 646 724 705 (et
760 644 897 705 011111)
934 645 1142 692 edoctus
1186 648 1302 707 (est)
1342 661 1446 705 nos,
1487 662 1587 692 non
1625 644 1750 692 belli

273 729 439 788 causa,
479 730 568 776 sed
606 729 978 778 benevolentia}
1024 729 1206 793 gratia,
1256 732 1313 778 eo
1361 730 1640 794 appulisse,
1692 734 1750 777 ut

273 820 478 879 gentem
537 817 721 864 rudem
769 816 1009 864 civilibus
1063 817 1334 881 praeceptis
1383 817 1749 875 imbueremus,

273 905 322 949 et
361 901 500 949 viam
543 903 608 949 ad
650 902 834 949 eaelum
877 902 1211 965 aperiremus,
1256 902 1411 950 simul
1458 901 1749 966 Regionum

272 988 673 1052 longinquarum
745 990 955 1037 cosnoda
1014 989 1076 1036 iis
1147 988 1516 1052 impertituros,
1577 992 1750 1052 gratos

273 1074 543 1123 advenisse
591 1075 917 1123 monstravit.
990 1076 1253 1139 Interprcs
1301 1080 1411 1123 erat
1448 1092 1508 1123 ex
1546 1075 1747 1123 Protes—

272 1160 503 1208 tantibus
546 1160 815 1224 Virginiae.
889 1161 1072 1224 Itaque
1115 1162 1231 1209 011111
1280 1161 1446 1224 plura,
1492 1176 1585 1223 pro
1621 1164 1748 1207 tem-

272 1263 408 1310 pore,
437 1246 685 1294 disserere
723 1263 822 1294 11011
861 1252 1033 1310 posset
1070 1247 1239 1307 Pater,
1271 1246 1510 1310 promisit
1546 1262 1613 1306 se,
1647 1262 1748 1293 non

273 1333 345 1380 ita
381 1332 544 1379 multo
581 1337 710 1395 post,
748 1349 1095 1381 reversurum.
1170 1334 1272 1382 “Id
1310 1332 1439 1380 1111111
1477 1350 1538 1380 ex
1575 1331 1748 1380 animo

272 1416 470 1474 accidit,
514 1416 683 1480 inquit
730 1417 960 1477 archihu,
1006 1435 1108 1466 una
1151 1419 1329 1465 mensa
1373 1422 1602 1465 utemur:
1649 1416 1750 1464 mei

273 1519 473 1566 quoque
521 1502 727 1550 assecla}
776 1519 867 1566 pro
906 1508 955 1551 te
996 1507 1241 1551 venatum
1289 1502 1455 1563 ibunt,
1495 1506 1750 1565 eruntque

271 1588 406 1636 inter
443 1605 533 1636 nos
570 1588 744 1636 omnia
780 1589 1125 1637 communia.”

339 1675 478 1723 Hinc
511 1674 642 1726 itum
676 1676 741 1723 ad
769 1676 1125 1739 Pascatawaye,
1159 1674 1247 1723 ubi
1284 1691 1461 1722 onmes
1499 1675 1565 1722 ad
1602 1690 1749 1721 arma

270 1760 623 1808 convolarunt.
696 1760 977 1825 Quingenti
1014 1760 1214 1809 circiter
1250 1764 1471 1808 arcubus
1509 1759 1749 1808 instructi

270 1846 323 1894 in
371 1846 544 1895 littore
602 1847 718 1894 011111
777 1848 1097 1911 Imperatore
1155 1846 1504 1895 constiterant.
1576 1845 1750 1909 Signis

269 1932 408 1995 pacis
448 1931 596 1993 datis,
635 1933 941 1996 Imperator,
980 1937 1121 1980 metu
1157 1931 1338 1995 posito,
1377 1931 1595 1979 celocem
1633 1947 1748 1978 con-

270 2018 480 2079 scendit,
530 2023 581 2066 et
627 2018 803 2067 audito
849 2024 1142 2067 nostrorum
1190 2017 1454 2077 benevolo,
1499 2018 1621 2080 erga
1663 2034 1749 2065 eas

268 2107 444 2166 gentes
493 2102 665 2151 animo
705 2103 1003 2152 facultatem
1052 2102 1207 2163 dedit,
1247 2103 1348 2165 qua
1384 2100 1590 2165 imperii
1639 2101 1749 2164 ejus

270 2193 417 2254 parte
452 2189 720 2250 vollemUS,
759 2189 1046 2238 habitandi.
