1986 3292
1021 250 1044 275 Γ

1016 248 1080 295 08

306 399 355 442 et
393 394 547 442 Pater
573 395 637 442 ad
675 409 870 455 {ugrum
899 409 1168 440 accurrens
1207 392 1341 440 inter
1370 391 1783 456 colloquendum,

305 497 372 540 se,
400 480 572 543 aliquo
609 481 760 527 modo
787 479 849 525 ab
886 478 976 525 illo
1011 478 1262 541 agnitum,
1291 479 1534 527 advertit:
1575 493 1782 541 respon-

307 567 502 614 sionem
542 565 694 613 etiam
738 565 1110 627 nonnunquam
1150 566 1214 612 ad
1254 566 1463 613 brevem
1502 565 1781 627 interroga-

305 652 499 700 tionem
565 652 675 716 (nec
735 650 871 698 enim
935 650 1218 714 longiorem
1280 668 1568 699 sermonem
1627 650 1783 697 simul

306 739 749 801 caperepoterat)
787 737 851 784 ab
895 736 985 783 illo
1029 736 1228 799 accipit.
1315 736 1577 784 Pra‘sente
1625 734 1785 798 igitur

306 821 706 886 opportunitate,
741 826 798 869 ut
834 821 922 885 (1111
958 822 1169 885 posthac
1207 822 1361 870 aliam
1401 839 1501 869 non
1539 826 1783 885 speraret,

308 909 464 956 Pater
503 908 578 956 uti
619 907 859 956 decrevit.
949 908 1181 972 Ciunque
1224 908 1381 955 variis
1424 907 1620 955 vicibus
1660 906 1784 970 {egri

307 1010 612 1042 consensum
645 996 722 1056 (ut
758 993 1127 1057 arbitrabatur)
1159 993 1463 1041 obtinuisset
1501 993 1637 1055 quod
1673 991 1783 1040 fieri

307 1080 464 1128 vellet
507 1079 815 1139 Catholicus,
855 1080 990 1143 qued
1031 1081 1092 1127 de
1135 1079 1353 1142 peccatis
1398 1078 1607 1137 doleret,
1648 1078 1784 1141 qued

309 1167 372 1213 ab
407 1165 470 1214 iis
503 1170 711 1229 cuperet
747 1166 960 1226 absolvi,
989 1166 1283 1214 absolutum
1322 1167 1351 1213 3-
1386 1165 1606 1229 peccatis
1643 1180 1784 1211 sacro

309 1251 483 1299 ]inivit
521 1252 645 1299 oleo.
735 1251 835 1299 His
878 1251 1112 1315 peractis,
1152 1268 1287 1315 {eger
1326 1251 1462 1299 intra
1502 1267 1663 1298 unum
1704 1249 1785 1296 vel

308 1338 529 1386 alterum
569 1337 705 1385 diem
742 1339 807 1385 ad
844 1354 1023 1386 sensus
1060 1338 1279 1401 perfecte
1315 1337 1482 1385 rediit.
1555 1337 1787 1399 Ciunque

307 1428 577 1487 rogaretur
619 1422 744 1486 quid
791 1422 992 1486 egisset,
1038 1423 1119 1470 vel
1169 1423 1293 1486 quid
1341 1423 1473 1470 circa
1521 1439 1572 1470 se
1615 1427 1786 1470 actum

309 1509 590 1558 sensisset?
644 1508 913 1572 respondit
953 1514 1096 1556 tanto
1140 1526 1256 1557 cum
1301 1508 1489 1572 gaudio
1533 1513 1583 1556 et
1625 1507 1785 1556 animi

308 1613 461 1645 sensu
487 1613 539 1644 se
564 1596 617 1643 111
649 1595 932 1643 Ecclesiam
959 1595 1275 1644 Gatholicam
1303 1595 1587 1644 admissum
1614 1594 1785 1654 fuisse,

308 1687 358 1730 et
394 1681 446 1729 111
485 1683 543 1729 ea
576 1682 641 1729 ad
678 1686 965 1729 extremum
1004 1698 1164 1747 usque
1201 1681 1444 1745 spiritum
1484 1698 1784 1745 permansu-

308 1786 440 1829 rum,
469 1774 525 1816 ut
561 1768 800 1816 omnibus
826 1768 914 1832 qui
941 1756 1157 1817 aderant
1181 1786 1283 1818 non
1321 1766 1538 1833 parvam
1564 1769 1786 1817 moverit

309 1853 720 1902 admirationem.
781 1853 928 1901 Idem
962 1859 1139 1917 postea
1175 1855 1424 1918 gaudium
1459 1854 1604 1903 Patri
1636 1855 1701 1902 ad
1735 1870 1787 1902 se

307 1939 544 1988 redeunti
589 1938 854 2002 expressit,
899 1941 1190 2004 magnaque
1237 1928 1353 1989 cum
1402 1941 1511 2004 ejus
1559 1939 1785 1988 satisfac-

309 2025 461 2085 tione,
505 2030 672 2073 cetera
714 2024 972 2088 praestitit,
1011 2027 1076 2074 ad
1119 2025 1287 2089 operis
1330 2025 1556 2074 inchoati
1598 2026 1787 2089 perfec-

308 2110 516 2170 tionem,
578 2110 877 2158 necessaria.
990 2112 1070 2159 Ex
1129 2129 1185 2160 eo
1244 2118 1475 2176 tempore
1533 2111 1786 2176 paulatim

310 2196 600 2256 convaluit,
645 2198 735 2244 sed
769 2197 885 2244 611111
924 2198 1168 2246 subsidiis
1205 2199 1402 2248 idoneis
1439 2200 1542 2247 fere
1578 2202 1785 2257 careret,

313 2283 502 2347 1111111116
552 2282 768 2346 supinus
804 2283 1013 2348 jaceret,
1062 2284 1380 2334 horrendum
1427 2289 1532 2333 toto
1580 2300 1790 2347 corpore
